3650 5192
2963 365 2968 372 ·
3001 339 3040 406 7

418 457 521 543 36.
571 447 997 548 διαπράξηται.
1045 495 1133 508 —-
1179 448 1419 534 δικαίως
1463 458 1568 523 καὶ
1613 457 1874 535 νικησας.

417 573 520 658 38.
567 571 692 636 σῦκ’
725 571 801 636 ἂν
862 572 1190 662 ἀσχέσθαι.
1236 609 1324 626 —-
1367 578 1435 637 οὐ
1482 565 1709 640 δίκαιον
1752 575 1868 646 τὴν
1924 571 2111 644 αὐτὴν
2156 571 2395 664 γνώμην
2456 598 2522 640 π.
2569 597 2629 642 τ.
2679 566 2817 651 ζῶν.
2866 599 2924 644 κ.
2970 598 3029 643 τ.

675 690 816 757 ves.
861 688 1042 778 ἔχειν.

415 822 521 890 39.
565 802 697 868 ἔστι
740 803 846 894 μὲν
891 803 1026 875 ’.Αλ
1068 841 1156 858 —-
1199 803 1284 894 μὴ
1326 828 1397 871 τε
1444 810 1641 871 αὐτῶν
1683 828 1746 898 τ.
1790 829 1842 872 ν.
1890 844 1980 857 —-
2023 809 2266 871 πολλῶν
2311 806 2425 897 γὰρ
2475 810 2694 875 αὐτῶν.

414 938 522 1005 40.
568 919 963 1010 νομιωτέρους.

413 1053 520 1120 41.
567 1035 672 1099 καὶ
715 1042 794 1110 εἰς
841 1037 1210 1115 Θετταλίαν,
1252 1037 1358 1100 καὶ
1402 1043 1481 1112 εἰς
1529 1038 1914 1127 Θεσπρωτίαν
1959 1037 2064 1101 καὶ
2108 1044 2188 1113 εἰς
2231 1038 2597 1105 Μολοσσίαν.
2632 1074 2720 1091 —-
2763 1036 2899 1113 τοὺς
2947 1028 3036 1119 δὲ,

588 1149 713 1214 ἀπὸ
755 1157 877 1216 τῶν
923 1151 1358 1242 πρωτευόντων.
1404 1188 1493 1205 -
1536 1151 1789 1227 ἕκαστος
1834 1152 1968 1219 sine
2010 1150 2116 1220 τὰ.

412 1284 518 1352 42.
564 1287 657 1354 pr.
704 1287 931 1333 manus
974 1273 1036 1332 ὲν
1083 1256 1322 1358 ἀνδρίᾳε
1368 1282 1512 1356 post
1555 1289 1689 1334 non
1733 1264 1892 1336 clare
1936 1257 2228 1358 ὲνανδρίᾳ.

588 1494 726 1563 Hae
769 1513 916 1563 sunt
959 1495 1258 1565 lectiones
1287 1494 1633 1564 Andocidis
1662 1497 2026 1564 orationum
2054 1495 2145 1563 III
2173 1513 2238 1563 et
2279 1496 2394 1579 IV,
2426 1518 2696 1586 quarum
2740 1496 3037 1566 leviculas

412 1608 715 1701 quasdam
779 1633 817 1679 a
881 1609 1086 1679 forma
1149 1611 1293 1680 alibi
1358 1629 1597 1680 servata
1659 1611 2076 1681 aberrationes
2119 1636 2199 1680 ex
2240 1611 2664 1682 Ambrosiano
2720 1612 2883 1682 hanc
2942 1613 3027 1682 ob

384 1747 664 1793 causam
708 1726 1021 1815 exscripsi,
1066 1748 1147 1793 ne
1192 1722 1568 1794 dubitationi
1612 1724 2069 1815 relinqueretur
2110 1724 2308 1794 locus.

584 1841 730 1908 Hoc
780 1863 923 1908 mea
980 1839 1314 1909 collatione
1370 1840 1667 1909 effectum
1712 1839 1981 1924 videtur,
2024 1840 2519 1909 Ambrosianum
2567 1864 2700 1909 esse
2745 1839 3032 1911 codicem

411 1954 612 2023 bonae
664 1973 878 2023 notae:
924 1955 992 2023 in
1036 1977 1166 2045 quo
1210 1954 1400 2024 verba
1452 1956 1716 2024 oratoris
1755 1978 1809 2042 ,a
1866 1954 2125 2023 maculis
2168 1955 2308 2039 illis,
2357 1954 2587 2045 quibus
2628 1954 2860 2024 librarii
2904 1980 3035 2024 ma·

408 2069 714 2159 gistellive
758 2069 1083 2158 Byzantini
1126 2069 1428 2154 errando,
1474 2068 1879 2158 corrigendO,
1925 2069 2219 2138 audacter
2261 2069 2700 2159 interpolando
2743 2089 3036 2139 veterum

407 2188 632 2275 scripta
673 2183 1043 2274 adspergere
1086 2184 1308 2269 solent,
1352 2203 1594 2269 vacant,
1628 2184 1783 2253 dum
1827 2185 2034 2280 multo
2078 2183 2370 2253 liberiora
2412 2203 2778 2254 manserunt
2823 2187 2890 2254 in
2935 2209 3038 2254 co-

408 2300 544 2370 dice
574 2302 666 2368 A:
699 2317 976 2369 attamen
1019 2322 1187 2368 nova
1218 2300 1413 2368 totius
1445 2299 1790 2390 Crippsiani
1839 2298 2086 2388 collatio
2123 2300 2253 2392 (1),
2285 2299 2575 2389 religiose
2606 2324 2677 2368 ac
2706 2300 3036 2389 diligenter

407 2438 666 2485 excussa
710 2433 773 2483 et
813 2417 916 2483 via
951 2437 1023 2482 ac
1065 2416 1304 2483 ratione
1347 2411 1605 2503 digesta,
1652 2413 1902 2483 docebit
1944 2438 2105 2483 num
2147 2433 2315 2483 recte
2360 2417 2798 2484 Buermannus
2828 2416 3035 2489 conie-

406 2532 577 2614 cerit,
624 2531 734 2620 qui
778 2531 868 2596 Α8
911 2553 990 2597 ex
1032 2528 1398 2619 apographo
1443 2528 1715 2618 gemello
1759 2529 2164 2598 Ambrosiani
2207 2529 2467 2598 fluxisse
2512 2531 2746 2597 statuit.

580 2646 782 2728 Nam,
828 2646 1119 2734 quamvis
1178 2644 1507 2733 diligenter
1551 2646 1822 2713 Blassius
1878 2668 2029 2713 cum
2085 2642 2378 2713 Londinii
2438 2663 2632 2728 esset,
2682 2643 3031 2734 Crippsiani

309 2745 316 2753 ⁸
404 2760 607 2831 multa
650 2762 1045 2843 enotavisset,
1078 2778 1292 2828 tamen
1320 2760 1562 2850 aliquot
1594 2760 1770 2828 locos
1799 2758 2070 2848 reliquit,
2103 2758 2333 2849 quibus
2364 2760 2517 2849 quid
2560 2758 2716 2829 liber
2746 2761 3030 2850 optimus

403 2875 694 2966 praebeat
734 2897 854 2944 nos
898 2899 1031 2943 non
1075 2873 1323 2943 docuit:
1369 2877 1530 2959 inter
1566 2898 1728 2966 quos
1771 2874 2199 2965 paragraphus
2244 2892 2339 2943 est
2380 2876 2489 2958 ΠΙ,
2530 2894 2627 2959 12,
2660 2874 2769 2942 u-bi
2800 2877 2861 2942 A
2906 2897 3027 2944 sec.

403 2993 661 3062 Buerm.
694 2991 807 3084 γάρ
838 2975 1027 3060 habet
1070 3009 1216 3081 post
1259 2997 1382 3059 ἐκεῖ
1424 2991 1566 3082 μένε
1614 2991 1884 3060 Blassius
1928 2991 2007 3059 ad
2051 2990 2234 3059 illum
2278 2992 2496 3060 locum
2540 2991 2699 3059 nihil
2742 2989 3027 3060 adnotat:

404 3105 628 3175 deinde
658 3105 1192 3194 negligentissime
1236 3122 1387 3172 sunt
1428 3104 1728 3173 lectiones
1758 3103 2081 3175 distinctae
2126 3104 2479 3173 secundum
2521 3107 2722 3173 varias
2766 3127 3028 3173 manus:

403 3221 580 3311 quod
624 3219 702 3288 ad
745 3222 878 3310 ipsa
904 3219 1097 3287 verba
1136 3219 1647 3308 recognoscenda
1691 3243 1825 3289 non
1869 3238 2000 3287 tam
2029 3218 2210 3289 faciet
2239 3243 2432 3311 quam
2477 3218 2553 3288 ad
2598 3218 3030 3288 illustrandam

403 3338 594 3420 viam,
642 3358 768 3425 qua
811 3336 1077 3405 oratoris
1122 3336 1347 3425 scripta
1389 3334 1574 3404 nobis
1618 3335 1840 3404 tradita
1883 3351 2050 3404 sunt.

576 3451 795 3541 Itaque
854 3450 932 3519 de
999 3448 1215 3519 codice
1273 3450 1371 3534 Q,
1420 3472 1499 3517 ex
1543 3474 1674 3541 quo
1717 3450 2017 3519 lectiones
2075 3451 2167 3518 111
2209 3467 2273 3518 et
2313 3449 2408 3520 IV
2453 3451 2815 3518 orationum
2861 3449 3031 3519 exhi-

406 3565 683 3650 buimuS,
730 3566 1020 3656 quamvis
1061 3563 1392 3654 diligenter
1434 3567 1561 3654 jam
1606 3568 1964 3656 exposuerit
2008 3566 2287 3650 Buerm„
2333 3583 2547 3634 tamen
2592 3583 2665 3632 ut
2708 3564 2920 3634 denuo
2966 3583 3029 3633 et

402 3704 522 3750 nos
569 3678 870 3764 dicamuS,
914 3682 1182 3749 instituti
1225 3681 1425 3749 nostri
1468 3683 1627 3749 ratio
1672 3679 1986 3771 postulare
2029 3678 2296 3750 videtur.

577 3796 763 3863 Liber
790 3794 913 3877 ille,
944 3817 1098 3863 saec.
1138 3796 1315 3878 XIV,
1362 3795 1522 3864 altus
1566 3798 1933 3865 centimetra
1976 3816 2081 3879 22,
2126 3795 2286 3863 latus
2333 3796 2695 3864 centimetra
2734 3816 2832 3883 14,
2879 3792 3026 3863 folia

410 3928 613 3978 1-102
661 3907 1010 3992 chartacea,
1063 3930 1351 3995 102-119
1399 3927 1473 3977 ut
1529 3911 1718 3978 etiam
1774 3908 1883 3978 fol.
1934 3912 2015 3995 89
2078 3909 2375 3998 bombyc.
2443 3932 2605 3998 quae
2672 3907 3027 3998 bibliopega

402 4025 633 4094 nostris
679 4024 1072 4114 temporibus
1118 4022 1451 4095 haematite
1494 4026 1870 4109 numeravit,
1902 4024 2022 4093 fuit
2051 4048 2129 4094 ex
2157 4024 2328 4093 libris
2370 4025 2422 4094 I.
2453 4025 2536 4094 V.
2568 4023 2808 4107 Pinelli,
2842 4025 3024 4092 cuius

403 4141 680 4208 maxima
721 4138 1030 4208 librorum
1074 4139 1350 4230 supellex
1394 4142 1461 4209 in
1506 4139 1950 4210 bibliothecam
1991 4140 2478 4210 Ambrosianam
2521 4139 2641 4208 fuit
2684 4138 2935 4229 perlata.

557 4523 651 4607 (1)
696 4529 893 4586 Codex
936 4529 988 4585 A
1033 4530 1151 4585 sive
1194 4528 1585 4602 Crippsianus,
1626 4530 1743 4587 sive
1796 4529 2150 4587 Burneianus
2196 4542 2289 4604 95.
2332 4515 2708 4587 Membranae.
2755 4543 2799 4582 s.
2843 4527 3020 4584 XIII.

402 4607 691 4667 Londonii
734 4611 794 4667 in
836 4610 1037 4668 Museo
1084 4609 1430 4679 Britannico.
