3650 5192
381 513 484 580 25.

382 611 485 676 26.

383 856 486 925 27.

425 4075 470 4603 ΜΛᾼὶ-ΝΝΗ

2968 376 3000 443 5

535 493 966 583 βουλευόμεθα.
1013 531 1103 544 --
1145 497 1425 583 πολεμεῖν
1473 490 1646 583 ἐσμὲν
1694 485 1918 560 Λακεδ.

531 610 713 674 ὄντων
747 598 814 674 δὲ
844 598 1065 675 Λακεδ.
1095 645 1185 658 --
1216 608 1635 698 βοηθήσωμεν.
1666 647 1755 659 -
1782 617 1996 672 τοῦτον
2026 607 2301 675 ἑλέσθαι.
2328 647 2416 660 -
2448 601 2675 676 ἀδικεῖν
2708 609 3001 702 Ἀργείους

642 726 746 790 καὶ
777 736 961 791 ποιεῖν
990 732 1210 791 ὁποῖον.
1235 724 1311 792 In
1340 701 1472 812 mg.
1505 726 1611 789 καὶ
1640 736 1825 790 ποιεῖν
1856 732 2057 789 ὁποῖον
2089 726 2162 788 ἄν
2197 717 2359 789 οὗτοι
2393 724 2711 808 βούλονται
2743 717 3005 803 δικαίως.

535 839 976 929 πολεμήσομεν.
1000 875 1088 892 —-
1111 846 1192 920 ὲν,
1223 844 1523 929 πολεμεῖν.
1547 875 1635 892 —-
1658 837 2037 929 ποιουμένοις.
2061 874 2149 891 —-
2170 848 2375 905 ταῦτα
2408 830 2533 930 δὀὐ
2567 831 2635 906 δὲ
2657 839 2894 907 πώποτ.
2920 873 3007 896 -ι-

642 955 898 1044 πατρίαν
942 978 1013 1020 τε
1058 961 1159 1045 εἱρ.
1204 990 1294 1006 --
1337 946 1670 1030 ἐλπίζουσιν
1719 954 2206 1025 ἀποστὴσεσθαι.
2252 991 2341 1008 -
2362 947 2741 1045 ’κρατῶνταω

476 1121 492 1137 .
542 1058 810 1149 δέδοικαζ
853 1065 902 1135 ὦ
931 1068 1076 1135 Ἀθ.
1117 1070 1185 1136 in
1229 1091 1360 1158 mg.
1408 1081 1648 1160 σημεῖον
1696 1068 1988 1160 ἀφιέντος.

471 1237 486 1252 .
533 1173 871 1274 Τισάνδρου.
915 1223 1007 1235 -
1049 1184 1209 1274 μετὰ
1269 1182 1442 1253 deest
1485 1193 1629 1252 ante
1671 1194 1895 1250 ταῦτα.
1942 1221 2030 1238 —-
2075 1184 2634 1275 ἀπεβαλλομμεθα.
2683 1223 2772 1237 —-
2814 1177 3004 1251 οὐδὲν.

471 1350 486 1365 .
531 1308 653 1363 τῶν
682 1298 1045 1390 Ἐγεσταίων
1075 1300 1181 1363 καὶ
1224 1308 1343 1363 τῶν
1389 1300 1771 1364 Καταναίων.
1804 1336 1893 1352 -
1920 1307 1972 1365 εἰ
2020 1300 2388 1389 βουλόμεθα.
2420 1338 2508 1353 -
2537 1298 2749 1368 Verba
2777 1302 3017 1383 ὅσῳ....·.

642 1401 949 1482 ποιεῖσθαι
1007 1413 1510 1482 intercluduntur
1567 1413 1942 1503 parenthesi,
1987 1453 2075 1468 -
2133 1415 2397 1505 πόλεμον
2457 1418 2613 1480 ἀντὶ.
2659 1452 2748 1469 -
2807 1416 3010 1505 Supra

643 1529 1023 1621 Ἐγεσταίους
1054 1547 1117 1597 et
1160 1531 1228 1597 in
1271 1552 1404 1618 mg.
1452 1532 1756 1628 scriptum
1800 1547 1915 1615 est,
1945 1530 2209 1599 forsitan
2252 1548 2533 1619 spectans
2578 1530 2657 1598 ad
2697 1530 3007 1620 parenth„
3080 1558 3084 1562 ·

645 1646 961 1735 εἰλομεθα.
1006 1680 1095 1697 -
1140 1644 1443 1735 μένοντας.

472 1811 487 1827 .
533 1760 590 1823 οἵ
632 1781 738 1851 περ
782 1768 879 1823 νῦν
925 1760 1170 1835 ἥκοντες
1216 1760 1510 1845 πείθουσι.
1555 1799 1644 1811 -
1687 1761 1912 1852 εἰρήνης
1956 1759 2132 1837 οὔσης
2176 1768 2337 1850 ἡμῖν.
2384 1796 2472 1812 -
2515 1759 2655 1852 ὑπὲρ
2699 1769 2819 1825 τῶν
2866 1761 3009 1828 Ἀθ.

470 1927 485 1942 .
531 1881 690 1941 ἐστιν
722 1876 855 1942 sine
897 1883 1059 1964 ἡμῖν.
1112 1912 1200 1927 -
1252 1875 1515 1965 πόλεμον
1561 1876 1836 1942 ἔλεσθαι.
1889 1913 1980 1927 -
2031 1877 2380 1965 συμμαχίαν
2425 1876 2540 1947 τὴν
2571 1875 2735 1967 Ἀργ.
2790 1913 2878 1930 —-
2926 1877 3006 1944 In

642 2010 773 2076 mg.
822 1989 1137 2078 pertinens
1181 1988 1258 2056 ad
1303 1992 1479 2078 πείσῃ
1535 2016 1566 2054 «
1613 1990 1688 2055 τὸ
1733 1990 2138 2055 ὑποτακτικὸν
2186 1992 2324 2055 ἀντὶ
2367 1997 2832 2081 προστακτικοῢ.
2882 2017 2916 2055 >>

470 2153 484 2169 .
531 2105 851 2194 ἐπιθυμίας
881 2105 1014 2171 sine
1041 2112 1170 2180 τῆς.
1195 2141 1284 2158 -
1303 2104 1707 2196 τεταράκονθ’
1733 2104 1972 2195 ἡμέρας.
1996 2142 2084 2157 -
2111 2095 2213 2170 διὰ
2236 2104 2470 2175 ταύτην
2498 2095 2686 2196 δῆμον
2716 2114 2837 2170 τῶν
2865 2104 3009 2174 Ἀθ.
3060 2145 3067 2150 -

470 2266 483 2281 .
529 2218 681 2282 ὅττι.
712 2254 800 2269 -
832 2216 999 2309 ἄγειν
1028 2219 1187 2308 ταροὶ
1216 2216 1352 2294 τοὺς
1380 2209 1696 2294 κινδύνους.
1726 2255 1817 2269 --
1845 2211 2248 2309 πρεσβεύοντα
2292 2227 2520 2293 κοινῆςε
2551 2219 2620 2285 in
2664 2241 2798 2307 mg.
2832 2243 3010 2310 πρεσ-

644 2331 941 2415 βεύοντας.
980 2369 1069 2386 -
1115 2332 1537 2426 αύτοκρόιτορες
1584 2323 1974 2422 ἀποδώσομεν
2021 2341 2179 2423 ἡμῖν.
2211 2369 2300 2400 -,-
2330 2335 2461 2423 περὶ
2502 2342 2623 2399 τῶν
2670 2339 2888 2400 αὐτῶν.
2920 2371 3009 2388 -

640 2445 746 2536 μὲν
792 2440 890 2511 οὖν
937 2448 1071 2515 sine
1116 2452 1420 2539 ἀσφαλῶς.
1466 2485 1554 2500 -
1598 2446 1923 2538 ὂμώσομεν.

469 2612 485 2628 .
533 2552 895 2652 λογίζεσθαι
940 2562 1007 2629 in
1051 2585 1184 2649 mg.
1232 2554 1575 2653 λογίζεσθε.

536 2678 751 2753 αἵτινες
795 2684 846 2743 εἰ
890 2678 1071 2765 τείχη
1116 2678 1222 2742 καὶ
1266 2685 1414 2753 νῆες.

471 2843 486 2858 .
534 2796 639 2856 οὐκ
687 2792 1029 2882 ὲκτύμεθα.
1114 2860 1119 2866 ,

471 2961 486 2975 .
531 2906 770 2997 τριήρεις
816 2905 940 2997 μὲν.
985 2945 1076 2958 --
1118 2909 1519 3000 ἐτειχίσαμεν.
1564 2942 1653 2960 —-
1697 2906 1992 2998 ἐγένοντο.

474 3074 489 3089 .
535 3021 638 3086 τόι·
663 3046 736 3088 τε
781 3021 952 3088 ἄλλα
995 3021 1239 3107 πάντα.
1271 3057 1359 3075 —-
1401 3020 1487 3088 τά
1532 3021 1638 3113 μὲν
1683 3022 2076 3104 καθελόντες,
2119 3023 2204 3089 τοὶ
2251 3014 2340 3103 δὲ,
2385 3022 2863 3114 παραλαβόντες.
2930 3081 2939 3090 .

471 3189 484 3203 .
531 3136 640 3202 ἔτι.
687 3173 775 3189 -
817 3146 998 3201 τοῦτο
1030 3139 1097 3237 ,εἴ
1137 3161 1297 3228 τιπρ.

470 3303 486 3320 .
534 3251 852 3335 βούλοισθε
897 3251 1172 3320 ἑλέσθαι.

556 3481 739 3551 Orat.
777 3481 891 3552 IV.
937 3482 1198 3550 Interest
1240 3482 1516 3572 spatium
1559 3484 1694 3550 sine
1739 3481 1965 3551 titulo:

553 3712 926 3788 υποθεσιε
967 3702 1352 3794 -νδοκίδης,
1398 3710 1571 3780 deest
1613 3711 1814 3781 littera
1858 3724 1931 3795 Α,
1977 3730 2052 3780 ut
2093 3710 2342 3795 assolet,
2386 3719 2736 3781 atramento
2791 3712 3005 3781 rubro.

555 3816 970 3913 Ἀλκιδιαδην.
1015 3862 1104 3879 -
1147 3831 1340 3918 εἴρηκε
1385 3826 1511 3918 μὲν.
1557 3863 1645 3880 —-
1689 3827 2111 3919 ἠκριβωμένης.

472 4106 489 4123 .
535 4053 708 4124 deest
749 4048 967 4147 νομίζω
1011 4072 1153 4125 ante
1199 4081 1295 4147 πρ.

473 4223 487 4237 .
533 4166 611 4235 ὧν
654 4180 773 4235 τῶν
820 4173 1046 4263 ἀγαθῶ
1090 4172 1185 4262 (?)
1228 4169 1308 4248 εἷς
1352 4173 1491 4263 ἐγὼ.
1536 4209 1625 4226 -
1669 4174 2024 4264 περιπίπτω.

472 4338 486 4354 .
536 4294 927 4353 ἀποκτεινεῒν.
973 4265 1063 4340 --2
1105 4287 1242 4354 οὔτε
1289 4279 1452 4376 διαψ.

473 4451 492 4467 .
536 4409 568 4468 ὁ
612 4401 781 4491 νόμος
829 4392 1009 4468 δοκεῖ.

473 4568 488 4584 .
535 4516 629 4582 ὅτι
675 4519 927 4593 πολίτης
974 4497 1153 4584 ἐστίν.
1199 4554 1287 4571 —-
1329 4517 1486 4586 ἔνθα
1531 4509 1619 4589 δὲ.
1664 4513 2023 4590 -’ταύτην
2065 4518 2181 4591 τὴν
2245 4518 2440 4585 πόλιν.
2485 4527 2573 4573 -ἱ
2617 4520 2724 4586 καὶ
2773 4522 3010 4608 μᾶλλον

649 4623 766 4700 δικ.
812 4671 901 4689 —-
945 4634 1069 4704 ἀπὸ
1112 4633 1347 4702 τούτου.
