3650 5192
637 317 676 383 6
802 328 807 333 .

680 476 744 543 7.
790 455 1028 532 πάντως
1073 446 1241 522 οὐδὲν
1286 456 1422 548 γάρ.
1469 493 1557 508 -
1603 456 1906 522 ἑθελόντι.

679 572 739 639 8.
784 572 890 637 καί
937 572 1197 648 ἀσωτίας
1242 570 1354 661 (ἲ).
1401 606 1490 623 -
1533 569 1774 647 εἰκότως
1835 571 1968 639 sine
2013 569 2106 635 ἂν.
2152 606 2240 623 —-
2284 578 2403 634 τῶν
2465 593 2693 662 κατηγ.
2739 559 2875 662 περὶ
2916 576 3129 638 αὐτων.
3175 607 3265 625 -

895 675 1097 776 ῥᾴδιον
1143 679 1235 757 ἦν.
1282 724 1370 739 -
1414 684 1542 750 οὔτ’
1587 693 1640 751 εἰ
1687 687 1945 762 ἀληθεῖς
1988 686 2152 751 εἰσίν.
2198 704 2287 739 -·-
2333 684 2792 777 ἀποφεύγοντος.

675 821 739 886 9.
784 808 859 877 ὡς
907 791 1113 866 δεινόν.
1159 836 1247 852 -
1295 790 1382 876 δὶς
1428 800 1557 891 περὶ
1599 808 1719 863 τῶν
1758 792 1984 865 αὐτῶν.
2030 836 2119 854 —-
2163 797 2336 868 deest
2378 807 2530 891 ὑμᾶς
2575 815 2720 888 post
2760 798 2846 864 τά
2892 799 3201 892 χρήματα.

640 934 740 984 1ο.
790 905 1010 986 δεησει.
1058 950 1146 966 -
1191 912 1325 1003 ἅμα
1372 904 1440 978 δὲ
1483 915 1590 978 καὶ
1635 917 1902 990 πολλοῖς.

639 1050 738 1097 11.
788 1034 971 1094 αύτον
1003 1051 1190 1118 supra
1221 1043 1576 1096 correctum
1609 1036 1823 1093 αὐτῶν.
1856 1065 1945 1082 -
1976 1020 2239 1119 πρόδους.
2263 1064 2351 1080 -
2380 1027 2621 1111 ἑκάστῳ
2648 1037 2768 1093 τῶν
2799 1022 3150 1119 συμμάχων.
3175 1068 3265 1083 -

894 1136 1079 1235 μείζω
1121 1168 1266 1209 κατ.
1313 1180 1401 1196 -
1445 1141 1738 1214 ἑκάστησ.
1787 1135 2258 1210 διπλασιάσειεν.

638 1278 738 1328 12.
783 1251 1152 1351 Ἀριστείδην
1220 1259 1478 1349 πολίτην
1548 1259 1809 1350 ἀγαθόν.
1857 1295 1945 1311 -
1988 1260 2289 1324 τάναντία
2348 1259 2549 1325 ἐκείνω
2613 1282 2769 1350 γιγν.
2825 1295 2913 1311 -
2954 1258 3265 1350 τοιγάρτοι

893 1376 1112 1440 πολλοὶ
1145 1365 1268 1440 δια.
1300 1411 1388 1427 -
1417 1374 1881 1450 καταλιπόντες.
1905 1411 1994 1428 -
2017 1373 2404 1465 ἀπέρχονται.
2429 1410 2517 1426 -
2538 1374 2893 1451 οἰκήσοντες.
2923 1414 3013 1426 -
3033 1383 3263 1466 πρῶτον

891 1491 1059 1554 ὅταν.
1106 1526 1194 1541 -
1237 1490 1446 1580 χρόνου
1492 1487 1664 1556 deest
1707 1488 1903 1578 μόνον.

640 1624 741 1691 13.
787 1594 1174 1687 Ἀλκιβιάδη.
1220 1641 1309 1658 -
1352 1602 1688 1694 μάλλιστα.
1736 1639 1825 1656 -
1868 1605 2176 1694 εὑρῆσθαι.
2222 1641 2310 1657 -
2355 1605 2650 1696 θυγατρός
2696 1609 2879 1669 αὐτοῦ
2922 1628 2982 1696 γ.

640 1740 742 1806 14.
790 1718 1183 1809 παραλαβὼν.
1228 1754 1318 1770 -
1360 1716 1558 1806 ῴχετο
1602 1717 1718 1788 τὴν
1761 1730 2039 1809 γυνα“’κα.

635 1853 736 1923 15.
784 1835 1036 1917 Καλλίᾳ
1092 1832 1501 1917 ἐπεβούλευσε.
1548 1869 1636 1885 -
1678 1833 1784 1899 τὸν
1844 1829 2003 1899 οἷκον
2048 1844 2157 1898 τοῦ
2189 1837 2309 1899 Ἰπ.
2355 1873 2444 1885 -
2486 1826 2613 1900 οὐδ’
2659 1834 2866 1925 ἔρημος
2918 1825 3045 1900 οὐδ’
3091 1826 3260 1901 εὐαδ.

640 1951 741 2018 16.
790 1960 1051 2015 ποιεῖται
1099 1948 1275 2025 αὐτὸς
1321 1947 1560 2024 ἄλλους.
1607 1985 1695 2001 -
1741 1940 1849 2015 δεῖ.
1896 1985 1984 2025 -τ
2028 1948 2315 2040 ὑφ’·ἡμῶν.
2361 1987 2449 2002 -
2495 1941 2680 2029 ἀζιῶν,
2719 1949 2868 2039 ἔχει.

637 2085 737 2152 17.
785 2064 1176 2156 Ἀγάθαρχον
1209 2065 1543 2130 συνεισελὲ.
1567 2099 1655 2118 --
1677 2064 2090 2155 ἐπηνάγκασε.
2116 2103 2204 2119 -
2224 2064 2567 2157 συγγραφάς
2591 2070 2711 2156 παῤ
2733 2064 2942 2157 ἑτέρων
2964 2065 3145 2155 ἔχειν.
3170 2104 3260 2117 ——

889 2188 964 2256 ὡς
1010 2178 1176 2270 παρὰ
1225 2178 1534 2263 βασιλέως.
1580 2215 1669 2232 -
1711 2179 1851 2245 οὔτε
1894 2203 1955 2246 τ.
2002 2156 2092 2245 ὲλ.
2138 2173 2210 2251 ἦν
2254 2180 2349 2270 ὅφ.
2395 2218 2483 2233 -
2527 2171 2834 2247 ἐδεδοίκει.

632 2294 732 2362 18.
777 2302 909 2385 ὑμῖν
952 2285 1091 2361 οὐδὲ
1133 2293 1267 2372 τοὺς
1313 2294 1689 2387 κακούργους.
1720 2332 1810 2348 -
1839 2297 1904 2361 ὅν
1948 2303 2028 2372 εἰς
2071 2295 2145 2360 τὸ
2194 2285 2613 2386 δεσμωτήριον.
2637 2335 2727 2348 -
2754 2295 2829 2362 τὸ
2875 2297 3140 2387 χιλλίας.
3172 2334 3263 2349 -

891 2415 1202 2475 ἀποτῖσαι.
1249 2446 1338 2463 -
1383 2410 1752 2500 συμβούλοις.

632 2544 731 2609 19.
777 2531 887 2600 τῆς
931 2523 1158 2601 πόλεως
1205 2522 1516 2616 ἀνῄρηκεν.
1563 2563 1651 2578 -
1693 2537 1816 2601 τοῖς
1863 2524 2056 2615 νόμοις
2099 2532 2209 2601 τῆς
2254 2529 2395 2590 πολ.
2441 2564 2531 2577 -
2575 2531 2778 2592 αὐτοῦ.

627 2659 735 2707 20.
783 2630 1173 2722 Ἀλκιβιάδου
1217 2641 1409 2705 παισί.
1455 2678 1546 2691 -
1587 2646 1649 2705 ἐν
1692 2632 1775 2727 τῇ
1824 2638 1998 2705 πόλει
2043 2640 2370 2731 παρόντων.
2419 2678 2507 2693 -
2550 2646 2949 2731 συμφιλονεικ.

624 2773 731 2823 22.
777 2753 932 2820 ὥστε
976 2755 1106 2845 περὶ
1149 2778 1220 2820 τε
1263 2764 1382 2819 τῶν
1429 2758 1593 2825 Μηλ.
1639 2794 1730 2806 —
1772 2753 2346 2845 παραναμομώτερος
2393 2754 2506 2846 (Ρ).

624 2888 731 2956 23.
764 2854 849 2934 οἐκ
893 2868 1124 2946 ταύτης
1172 2863 1239 2934 δὲ
1284 2859 1457 2934 παιδ.
1504 2906 1592 2922 -
1635 2869 1988 2960 παρανόμως
2032 2892 2294 2960 πεπραγ.

625 3002 731 3070 25.
778 2984 916 3075 πρὸς
959 2993 1161 3050 τοῦτο.
1208 3021 1297 3038 -
1338 2985 1502 3061 νίκης
1546 2996 1669 3060 τοῖς
1716 2983 1934 3074 Ὀλυμ.
1980 3020 2070 3036 --
2112 3002 2259 3073 post
2302 2984 2484 3050 αὐτὸν
2546 2982 2719 3053 deest
2761 2976 3257 3076 ἐπιτηδειότερον.

615 3100 736 3177 ,26.
781 3100 887 3164 καὶ
931 3098 1056 3163 τὸν.
2182 3152 2186 3157 ,

623 3233 730 3300 27.
774 3237 926 3303 ταχ.
974 3212 1048 3277 ἂν
1109 3213 1443 3306 ἐπέτρεφεν.
1490 3250 1578 3267 —-
1621 3216 1822 3291 ἵπποις
1869 3213 2224 3306 ἐτόλμησεν.
2269 3250 2358 3268 —-
2401 3221 2552 3304 ὑμᾶς
2610 3212 2745 3291 τοὺς
2789 3213 2894 3305 μὲν
2953 3220 3119 3307 ὀνομ.
3167 3236 3256 3306 φρ.

888 3325 1025 3404 τοὺς
1069 3351 1142 3419 γε
1187 3352 1284 3419 πρ.
3200 3358 3204 3363 ·

624 3444 731 3513 28.
778 3442 1048 3525 τοσούτῳ
1098 3434 1166 3509 δὲ
1215 3433 1492 3534 διαφέρει.
1540 3480 1628 3496 -
1669 3446 1917 3536 εἴρηκεν.
1963 3482 2051 3497 -
2097 3442 2271 3512 deest
2313 3448 2420 3508 οὐκ
2465 3442 2817 3536 ἐπιτρέψειν.

629 3576 735 3644 29.
783 3548 1096 3633 ἐπιδόξειε.
1127 3594 1216 3611 -
1257 3565 1340 3644 τῇ
1387 3557 1661 3650 προτέρᾳ.
1693 3595 1783 3611 -
1809 3557 1895 3623 τά
1941 3558 2212 3624 πινάκια.
2243 3566 2469 3635 -τῆς
2511 3560 2731 3636 οὐσίας.
2765 3596 2854 3613 -
2897 3558 3257 3651 χρησόμενος

884 3674 991 3738 καί
1037 3663 1222 3739 ἀποδ.
1268 3709 1357 3726 -
1400 3674 1704 3765 χερνίβοις.
1750 3649 1859 3726 -0
1882 3665 2128 3764 μείζονα
2172 3672 2392 3750 πάσης.

619 3807 730 3876 3ο.
775 3795 855 3865 εἰς
897 3790 1013 3860 τὴν
1059 3787 1400 3879 Ὀλυμπίαν
1445 3796 1521 3865 ὡς
1568 3779 1811 3855 διέθετο
1856 3788 2091 3854 τούτου.

619 3922 655 3991 3
674 3923 728 3971 1.
773 3925 834 3968 τ.
881 3901 1212 3994 συμμάχων
1258 3903 1546 3995 χρήματα
1590 3908 1741 3996 λαμ.
1787 3941 1877 3958 -
1921 3902 2125 3969 πολλοὶ
2169 3912 2289 3969 τῶν
2332 3904 2560 3969 τούτων
2605 3904 3033 3997 πεπραγμένων
3077 3911 3166 3972 ἐκ.

621 4035 728 4106 32.
773 4026 1008 4084 τοῦτον.
1054 4054 1142 4070 -
1184 4027 1304 4081 τῶν
1364 4016 1683 4109 ἡμετέρων.
1713 4055 1802 4072 -
1847 4016 2083 4095 πάντας
2142 4016 2278 4095 τοὺς
2339 4019 2806 4111 στεφανηφόρους
2860 4026 3119 4112 ἀγῶνας.
3163 4057 3251 4074 -

884 4125 1365 4226 ἐξωστρακίσατε
1409 4133 1547 4224 πρὸς
1588 4143 1827 4209 τοῦτον.

620 4269 653 4337 3
667 4268 727 4336 3.
776 4249 882 4314 καί
926 4271 1021 4312 τοι
1067 4249 1153 4338 μὴ
1200 4247 1392 4339 μόνος.
1439 4285 1528 4302 -
1571 4239 2023 4338 ὑπολογίζοντο.

621 4382 728 4452 34.
771 4372 880 4428 τοῦ
927 4354 993 4429 δὲ
1052 4372 1162 4427 τοῦ
1213 4361 1585 4453 πράγματος.
1634 4400 1723 4417 -
1767 4355 2187 4447 Ἀλκιβιάδην.
2232 4401 2320 4418 —-
2364 4354 2757 4448 Ἀλκιβιάδης
2816 4363 2952 4433 sine
3012 4354 3119 4441 δίς.
3165 4398 3253 4417 -·

883 4479 990 4544 καὶ
1034 4468 1222 4570 μηδὲν
1268 4470 1396 4542 οὐδ’
1429 4477 1523 4545 ἂν.
1570 4514 1659 4531 -
1703 4477 2152 4571 σωφρονέστεροι
2196 4472 2372 4552 ἦσαν.

623 4613 654 4681 3
669 4611 728 4681 5.
775 4592 912 4686 πρός
933 4591 1068 4673 τοὺς
1098 4594 1456 4686 κρείττονας.
1475 4631 1563 4650 -
1586 4585 1765 4666 ἰδίαν.
1788 4631 1877 4650 —-
1899 4593 2020 4687 ἐγὼ
2049 4595 2183 4666 sine
2204 4594 2436 4686 μὲν.-
2459 4584 2616 4662 ἰδίαν
2637 4618 2728 4666 τε.
2746 4632 2835 4652 -
2855 4593 3247 4689 εἰργασμένος.
