3650 5192
651 415 695 479 4

833 531 1011 601 Orat.
1059 531 1167 599 111.
1212 530 1469 600 Titulus
1515 552 1710 621 quem
1756 530 1837 611 Q
1871 529 2151 621 praebet:

1030 753 1375 828 Ἀνδοκίδου
1417 763 1545 853 περὶ
1587 770 1695 839 τ’ής
1741 761 1879 853 πρὸς
1924 751 2418 852 Λακεδαιμονίους
2463 761 2706 852 εἰρήνης.

831 992 1025 1060 Deest
1068 988 1369 1066 ὑπόθεσις.

705 1242 761 1290 1.
808 1237 953 1309 post
996 1218 1100 1310 ἀφ’
1147 1214 1224 1285 ὧν
1270 1216 1411 1286 add.
1459 1216 1555 1287 ἂν.

696 1357 759 1405 2.
804 1344 837 1402 ὁ
885 1326 1067 1425 δῆμος
1109 1343 1144 1400 ὀ
1188 1342 1307 1398 τῶν
1339 1332 1480 1400 Ἀθ.
1512 1370 1600 1387 —-
1630 1332 2014 1424 ὲφοβώμεθα.
2038 1371 2127 1384 -
2156 1332 2452 1408 πολλάκις
2484 1331 2780 1424 πρότερον.
2811 1368 2899 1385 —-
2927 1331 3278 1403 ἐποιήσατε.

699 1472 758 1539 3.
806 1449 1112 1542 παγασάς.
1160 1486 1248 1502 -
1292 1445 1631 1539 πέμψωμεν.
1679 1486 1767 1502 -
1811 1471 2053 1540 προκηρ.
2099 1457 2220 1513 τῶν
2267 1438 2557 1514 σπονδῶν.

697 1589 761 1654 4.
808 1565 1006 1631 πέντε.
1039 1600 1127 1616 -
1162 1563 1223 1629 ’έν
1270 1554 1347 1634 δὴ
1393 1572 1573 1628 τοῦτο
1619 1572 1886 1654 πρῶτων,
1929 1560 1978 1630 ὦ
2020 1562 2161 1630 Ἀθ.
2186 1602 2276 1614 —-
2304 1565 2421 1628 ὅσα
2467 1553 2570 1628 διά
2612 1561 2844 1633 ταύτην
2887 1562 3002 1634 τὴν
3049 1561 3280 1653 εἰρήνην

914 1688 1056 1770 ἡμῖν
1101 1679 1220 1769 ἐγὼ
1266 1678 1483 1769 φράσω.

700 1815 762 1883 5.
806 1794 952 1861 τότε
997 1793 1173 1862 deest
1214 1810 1360 1883 post
1403 1802 1662 1884 πειραιᾶ.
1693 1830 1782 1847 -
1824 1793 1931 1857 καὶ
1974 1791 2109 1870 τοὺς
2158 1777 2500 1885 βαρβάρους.
2532 1829 2620 1846 —-
2663 1793 2769 1858 καὶ
2812 1800 3016 1856 ταῦτα
3061 1796 3130 1856 ὲκ
3173 1797 3282 1866 τῆς

916 1909 1162 2000 εἰρήνης.
1207 1948 1298 1960 —
1339 1916 1430 1990 τῷ
1475 1898 1650 1998 δήμῳ
1693 1916 1813 1973 τῶν
1860 1907 2002 1976 Ἀθ.

701 2026 761 2092 6.
808 2023 1191 2096 ἐποιήσαντο.
1790 2057 1794 2062 ·

700 2160 761 2226 7.
808 2137 964 2209 αὕτη
1009 2138 1125 2229 γὰρ
1169 2137 1389 2229 εἰρήνη.
1435 2174 1524 2191 -
1565 2136 1669 2203 τὸν
1730 2128 1918 2227 δήμον
1976 2145 2096 2201 τῶν
2142 2136 2283 2203 Ἀθ.
2329 2176 2419 2188 -
2459 2129 2612 2227 ἦρεν.
2659 2173 2748 2190 -
2789 2139 3078 2203 τάλαντα
3133 2142 3287 2205 ἀνη-

916 2252 1212 2343 νέγκαμεν
1257 2260 1337 2329 εἰς
1380 2275 1441 2319 τ.
1497 2277 1559 2320 α.
1584 2253 2193 2342 -κατεκλείσαμεν,
2217 2291 2307 2303 —-
2345 2250 2570 2343 ἑτέρους
2613 2250 2948 2329 τοσούτους.
2973 2259 3287 2318 -ταῦτα

918 2375 987 2434 ἐκ
1032 2367 1263 2443 ταύτης
1303 2375 1414 2444 τῆς
1459 2375 1561 2459 εἰρ.
1607 2404 1696 2421 -
1737 2376 1829 2449 τῷ
1875 2358 2050 2457 δήμῳ
2092 2377 2212 2433 τῶν
2258 2367 2399 2433 Ἀθ.

704 2486 765 2552 8.
814 2483 999 2549 πάλιν
1048 2474 1170 2550 διά.
1218 2520 1306 2535 -
1350 2491 1429 2559 εἰς
1471 2506 1532 2548 τ.
1580 2489 1711 2573 ἀκρ.
1757 2507 1824 2548 π.
1872 2483 2252 2573 νομίσματος.

701 2620 763 2686 9.
808 2623 878 2667 τε
921 2600 1261 2690 τρακοσίας.
1308 2634 1396 2650 -
1442 2597 1614 2690 [post
1657 2598 1931 2689 Ἀργείων
1978 2616 2073 2666 est
2116 2599 2397 2686 signum,
2464 2595 2641 2687 quod
2685 2615 2920 2688 spectat
2961 2598 3041 2665 ad
3087 2618 3299 2686 marg.

919 2714 1027 2781 ubi
1073 2737 1366 2805 γνωμικον
1411 2731 1677 2805 προιμιον
1723 2714 2027 2802 scriptum
2073 2712 2216 2805 est.]

670 2851 769 2898 10.
820 2828 1060 2910 ἄλλοτί,
1103 2828 1145 2901 ἦ
1190 2838 1391 2895 τοῦτο.
1438 2865 1527 2882 -
1570 2818 1664 2894 οδ.
1710 2836 1743 2894 ό
1787 2837 1907 2893 τῶν
1955 2827 2095 2895 Ἀθ
2141 2868 2232 2880 —
2274 2819 2604 2919 ὲξέλεγχει.

665 2966 693 3013 1
711 2966 764 3012 1.
814 2943 908 3035 [in
952 2965 1154 3031 marg.
1203 2934 1534 3034 διαφέρουσι
1581 2933 1839 3008 σπονδαὶ
1883 2942 2162 3035 εἰρήνης]
2205 2944 2387 3031 τείχη
2436 2944 2568 3010 sine
2612 2943 2719 3011 τά.

664 3079 763 3126 12.
809 3057 973 3147 ἔχειν
1015 3057 1151 3134 τοὺς
1196 3057 1470 3145 ἔχοντας.
1515 3096 1605 3109 --
1648 3064 1883 3134 ἐκεῖνος.
1931 3095 2019 3111 -
2061 3059 2166 3124 τὸν
2214 3058 2476 3148 πόλεμον
2523 3050 2738 3131 δήπου.

669 3195 768 3261 13.
814 3170 863 3239 ὦ
909 3164 1110 3263 ἄνδρες
1156 3172 1296 3239 Ἀθ.
1344 3209 1433 3226 -
1477 3163 1900 3263 ἀδικουμένοις.
1946 3210 2035 3227 -
2081 3174 2351 3264 ἀφήσειν.

669 3309 751 3375 14
816 3304 963 3377 post
1006 3287 1152 3354 ἀλλ’
1177 3290 1333 3364 ὅπως
1378 3286 1553 3356 deest
1595 3296 1757 3378 ἡμῖν.

670 3423 771 3490 15.
818 3402 1207 3493 ἐγκλήματα.
1252 3440 1342 3456 -
1388 3394 1692 3493 δοκοῦμεν.
1738 3441 1830 3455 —-
1874 3402 2388 3495 παρεσκευάσθαι.

669 3520 769 3587 16.
816 3526 1045 3609 ὑπῆρχε
1090 3541 1215 3608 μεν.

668 3653 766 3717 17
815 3627 913 3698 οὖν
960 3633 1211 3701 πόλεων.

668 3750 766 3816 18.
817 3749 1048 3839 ἀφίασι,
1093 3750 1159 3815 in
1204 3771 1338 3837 mg.
1386 3746 1527 3817 add.
1576 3750 1840 3840 ἀφίασιν.

667 3884 764 3948 19.
814 3862 1012 3938 πάσης
1061 3855 1379 3940 Ἑλλάδος.
1427 3902 1515 3917 -
1556 3865 1631 3930 τό
1675 3888 1746 3930 τε
1807 3888 1934 3955 μεν.
1981 3903 2069 3918 -
2116 3856 2183 3930 δὲ
2231 3867 2513 3948 βοιωτοϊς.
2559 3903 2648 3917 --
2691 3866 2797 3931 καὶ
2858 3867 2981 3932 ὅτε.
3028 3903 3117 3920 -
3161 3873 3294 3934 ἔπι-

931 3968 1265 4067 δειξάμενοι
1309 3991 1432 4055 τοῖς
1480 3979 1762 4049 Ἕλλησι.
1809 4016 1898 4032 -
1941 3982 2086 4045 εἰσὶν
2134 3978 2308 4047 deest
2351 3998 2495 4048 ante
2540 3979 2764 4072 ἔτομοι.

661 4112 765 4159 20.
812 4091 918 4156 τὸν
965 4093 1252 4183 πόλεμον,
1296 4129 1384 4145 -
1428 4095 1533 4159 καὶ
1578 4093 1803 4184 μάτην.
1851 4133 1939 4148 -
1980 4094 2179 4177 τούτῳ
2222 4095 2443 4185 τρόπῳ.

660 4227 766 4273 21.
812 4206 897 4269 τά
945 4229 1076 4273 om.
1124 4225 1268 4275 ante
1311 4207 1447 4300 γάρ.
1553 4275 1560 4280 .

659 4341 765 4388 22.
816 4327 1031 4388 αὐτῶν.
1064 4360 1152 4376 -
1183 4325 1517 4415 ἀγαγόντες
1549 4323 1723 4394 deest
1752 4343 1897 4394 ante
1926 4334 2006 4403 εἰς
2034 4326 2150 4397 τὴν
2181 4325 2331 4392 ποτὲ
2363 4326 2584 4417 φιλίαν.
2609 4364 2699 4377 --
2728 4332 2959 4401 ἑαυτοῖς
2991 4324 3296 4415 πολέμιον.

659 4455 767 4521 23.
815 4439 1054 4526 πρευσβ.
1102 4439 1170 4505 in
1214 4462 1346 4526 mg.
1395 4437 1537 4507 add.
1585 4442 1791 4532 πρεσβ.
1839 4477 1927 4493 -
1972 4441 2152 4507 αὑτὸν
2199 4433 2277 4506 ὧν
2321 4442 2392 4507 in
2435 4462 2569 4529 mg.
2617 4439 2800 4507 αὐτά.

661 4570 765 4638 24.
812 4569 959 4640 post
1005 4552 1400 4635 βουλευεσθαι
1445 4556 1729 4670 sequitur
1765 4557 1896 4648 περὶ
1941 4557 2234 4648 Κορίνθου
2276 4556 2383 4621 καὶ
2414 4557 2543 4648 περὶ
2587 4557 2666 4622 ὢν
2713 4555 2788 4623 ἂν
2832 4565 2993 4648 ἡμᾶς
3024 4555 3296 4648 Ἀργεῖοι.

922 4668 997 4737 In
1041 4690 1173 4758 mg.
1222 4681 1463 4760 σημεῖον
1511 4670 1801 4762 ἀφιέντος.
1848 4712 1937 4725 -
1983 4663 2129 4750 ἀξία
2172 4681 2214 4744 ἡ
2260 4672 2563 4763 Κόρινθος.
3348 4667 3353 4673 ’
