3650 5192
3009 372 3081 438 ¹3

469 516 571 583 37.
618 497 801 569 αὐτὴν
848 498 1111 586 ἑχόντων
1159 499 1377 563 αἰτίαν.

471 615 574 699 38.
622 604 806 679 δεινὸν
851 613 958 703 μέν
1001 635 1097 676 τοι
1144 603 1328 680 δοκεῖ.
1373 647 1461 663 -
1506 601 1774 687 ἀξιώσειε
1822 612 1971 701 περὶ.
2019 645 2106 662 -
2150 614 2257 674 οὐκ
2304 617 2527 699 ἀνασχ.

472 748 574 816 39.
620 729 920 812 ἐκβαλεῖν.
952 763 1040 779 -
1067 726 1445 818 τραυμάτων.
1476 765 1565 777 -
1607 724 1913 816 νεωτέρους
1958 726 2115 817 πρὸς.
2145 762 2235 778 -
2278 725 2670 815 συμβέβηκεν.
2703 759 2790 775 -
2834 724 2939 814 ἐμὲ
2983 724 3088 813 μέν

724 865 819 906 τοι
863 844 1078 910 τοίνυν.

462 976 568 1044 40.
615 948 1013 1035 ἐξελάσαντες
1056 955 1193 1033 τοὺς
1239 954 1529 1048 ἀσελγοὺς
1572 955 1994 1048 νομιμωτέρους
2037 955 2338 1028 ποιήσετε.
2384 992 2474 1009 -
2515 956 2949 1046 πρωτευόντων.

642 1187 765 1255 Hic
809 1184 1009 1256 codex
1055 1186 1166 1276 qui
1212 1204 1305 1254 est
1349 1185 1737 1268 chartaceus,
1778 1203 2064 1254 exaratus
2108 1186 2347 1254 circiter
2388 1208 2442 1253 a.
2498 1186 2661 1274 1486
2708 1208 2744 1253 a
2786 1183 3092 1253 Michaele

463 1300 788 1385 Suliardo,
835 1302 998 1370 altus
1053 1303 1417 1370 centimetra
1471 1322 1548 1369 21
1571 1355 1590 1385 ,
1635 1300 1796 1369 latus
1849 1304 1926 1369 16
1981 1301 2365 1385 centimetra,
2409 1320 2652 1371 constat
2708 1320 2794 1370 20
2839 1317 3094 1390 quater-

460 1418 774 1486 nionibus.
1702 1396 1707 1401 .

640 1531 928 1613 Quidam
956 1531 1245 1600 librarius
1289 1530 1522 1601 codicis
1568 1530 1717 1601 folia
1747 1530 2032 1600 distinxit
2073 1533 2358 1600 numeris
2400 1533 2468 1600 in
2503 1530 2755 1600 'sinistra
2797 1529 3095 1619 marginis

461 1666 632 1737 parte
674 1649 913 1737 positis.

636 1764 810 1832 Folia
852 1765 1046 1852 igitur
1091 1781 1240 1830 sunt
1286 1765 1435 1849 265.

640 1878 910 1947 Michael
942 1876 1267 1947 Suliardus
1299 1875 1715 1966 calligraphus
1758 1896 2057 1946 actuosus
2102 1899 2321 1960 manu,
2352 1877 2810 1967 elegantissima
2838 1873 3101 1965 quidem

465 1993 574 2063 sed
620 1993 856 2062 difficili
900 1994 1089 2077 lectu,
1135 1995 1402 2084 scripsit;
1448 2015 1597 2061 nam
1642 1993 1990 2062 verborum
2036 1993 2412 2083 compendia
2456 1993 2956 2084 frequentissima
3000 2014 3102 2060 oc-

464 2128 758 2194 currunt;
818 2111 953 2178 eius
998 2132 1238 2178 nomen
1294 2111 1457 2177 inest
1511 2108 1704 2178 indici
1765 2107 2293 2198 calligraphorum
2352 2131 2550 2198 quem
2596 2106 2832 2177 Gardh.
2879 2110 2948 2175 in
2991 2107 3103 2174 Pa-

462 2224 696 2314 laeogr.
744 2249 838 2314 gr.
871 2227 1234 2315 composuit
1263 2225 1394 2317 (1),
1426 2223 1536 2292 fol.
1572 2227 1699 2292 216
1742 2249 1785 2292 v
1830 2225 2081 2315 praebet
2125 2224 2670 2315 subscriptionem,
2703 2225 2883 2293 cuius
2912 2222 3104 2292 verba

465 2341 616 2410 haec
661 2359 839 2410 sunt:

638 2467 729 2538 τῷ
773 2462 1141 2542 συντελεστῇ
1202 2464 1326 2522 τῶν
1384 2461 1612 2539 καλῶν,
1663 2457 1790 2537 θεῷ
1836 2455 2024 2547 χάρις·
2073 2457 2326 2545 Μιχαὴλ
2375 2455 2592 2549 Ἄργιος
2650 2463 2712 2522 ὲν
2760 2455 3101 2546 Φλωρεντία

465 2574 639 2640 πόλει
670 2573 941 2649 Ἰταλίας
972 2571 1132 2662 μετοὶ
1164 2577 1408 2638 πολλῶν
1442 2572 1645 2638 ἄλλων
1676 2574 1782 2637 καὶ
1812 2571 1932 2636 ταὺ
1961 2594 2081 2635 των
2112 2565 2484 2663 ἐξεγράψατο
2515 2572 2766 2644 ἐπικλὴν
2795 2571 2973 2660 τάχα
2995 2569 3104 2660 (2)

463 2711 534 2754 τε
581 2690 687 2753 καὶ
730 2678 1104 2778 Σουλιάρδος·
1149 2692 1216 2752 οὐ
1262 2686 1436 2778 χάριν
1485 2677 1700 2778 δώρων,
1747 2686 1918 2751 ἀλλὰ
1963 2685 2104 2777 ὑπὲρ
2150 2677 2451 2776 πατρίδος.

642 2803 715 2870 In
768 2804 1065 2871 interiore
1124 2803 1478 2890 tegumenti
1545 2802 1734 2869 latere
1792 2801 1949 2870 haec
2000 2803 2294 2892 inscripta
2352 2802 2624 2891 legimus
2669 2824 2863 2870 manu
2911 2823 3105 2892 quam

466 2919 663 3007 ipsius
707 2917 928 2986 Pinelli
975 2916 1178 2985 dicere
1224 2918 1462 2985 ausim:
1517 2944 1550 2981 «
1599 2916 1692 2985 Ex
1737 2916 1908 2984 libris
1951 2916 2032 2985 T.
2072 2918 2154 2985 V.
2201 2916 2423 2984 Pinelli
2468 2917 2979 3006 Harpocrationis
3022 2915 3105 2984 le-

473 3037 665 3102 xicon
723 3031 944 3101 decem
1003 3049 1350 3099 oratorum.
1409 3031 1748 3099 Orationes
1814 3031 2036 3098 decem
2102 3049 2467 3113 oratorum,
2514 3053 2793 3120 quorum
2845 3031 3106 3098 nomina

474 3149 784 3217 habentur
827 3147 915 3238 p.⁸
959 3145 1200 3237 pagella
1242 3146 1453 3214 statim
1498 3164 1642 3236 post
1688 3147 2019 3236 Harpocr.:

649 3262 1030 3346 Andocidis,
1075 3263 1259 3345 Isaei,
1308 3259 1642 3344 Dinarchi,
1688 3259 2121 3352 Antiphontis,
2168 3262 2477 3351 Lycurgi,
2524 3261 2822 3350 Gorgiae,
2867 3260 3110 3331 Alcida·

472 3381 722 3462 mantis,
769 3377 1193 3461 Lesbonactis,
1240 3375 1533 3460 Herodis,
1578 3377 1820 3465 Lysiae,
1867 3376 2281 3460 AntistheniS,
2328 3373 2649 3459 Demadis,
2680 3375 3035 3446 Aeschinis.
3071 3401 3105 3438 »

646 3494 899 3562 Nostris
946 3492 1167 3561 diebus
1212 3511 1427 3561 autem
1470 3491 1876 3560 doctissimus
1927 3491 2029 3559 ille
2071 3493 2168 3559 vir
2211 3493 2530 3560 Antonius
2577 3491 2931 3577 Cerianius,
2978 3513 3111 3581 quo

474 3607 939 3677 humanissimo
987 3609 1276 3676 scientiae
1321 3605 1836 3697 palaeographiae
1895 3609 2199 3695 magistro
2244 3624 2411 3690 utor,
2457 3607 2699 3695 scripsit
2751 3609 2822 3675 in
2865 3608 3115 3676 sinistra

470 3725 827 3812 tegumenti
872 3724 1070 3813 ipsius
1116 3740 1319 3813 parte:
1358 3748 1391 3786 α
1426 3719 1648 3791 Codex
1692 3723 1962 3812 scriptus
2004 3744 2042 3789 a
2084 3718 2393 3791 Michaele
2424 3719 2735 3806 Suliardo‚
2759 3719 3115 3791 Florentiae

470 3858 543 3906 ut
587 3860 664 3906 ex
708 3838 1035 3928 subscript.
1081 3861 1143 3927 p.
1192 3840 1340 3907 216.
1389 3863 1424 3902 »

631 4086 728 4169 (ι)
776 4092 1190 4148 Gardthausen.
1219 4092 1538 4149 Griecbiscbe
1565 4092 1990 4167 Palaeograpbie.
2019 4092 2254 4165 Leipzig
2288 4091 2454 4166 1879.
2486 4111 2516 4143 α
2541 4088 2790 4149 Michael
2820 4089 3120 4147 Suliardus

474 4187 578 4227 aus
620 4172 889 4245 Nauplia,
920 4171 1022 4228 auf
1057 4172 1252 4229 Creta:
1295 4172 1441 4228 viele
1483 4172 1646 4229 codd.
1689 4173 1834 4229 nach
1885 4188 2063 4244 1475:
2107 4190 2156 4227 a.
2207 4186 2375 4243 1475.
2419 4173 2483 4227 P.
2527 4185 2679 4245 2097
2726 4167 2862 4247 (aus
2898 4172 3120 4241 Creta).

475 4251 540 4305 P.
600 4265 774 4326 2490.
835 4252 1009 4309 2818.
1069 4266 1219 4325 2975
1284 4253 1345 4306 in
1409 4252 1666 4309 Plorenz.
1720 4271 1768 4308 a.
1831 4250 1995 4321 1486.
2055 4253 2119 4307 P.
2183 4266 2349 4319 1412.
2403 4266 2575 4320 2411.
2629 4251 2804 4323 3048.
2848 4267 2901 4309 a.
2953 4247 3121 4324 ¹⁴9⁶·

478 4330 584 4402 Rg.
630 4345 783 4404 2727
830 4334 889 4387 in
933 4331 1233 4398 Methone3
1275 4348 1320 4387 s.
1365 4331 1494 4387 XV.
1540 4333 1866 4389 Demetrius
1911 4332 2236 4388 Phalereus.
2280 4331 2442 4387 Matr.
2485 4331 2560 4387 N.
2605 4331 2699 4387 80.
2751 4349 2783 4382 ιο

636 4407 731 4487 (2)
778 4412 1198 4467 Liberalissime
1249 4427 1474 4466 mecum
1530 4413 1974 4469 communicavit
2016 4412 2090 4467 A.
2134 4411 2433 4467 Ceriauius
2474 4410 2628 4466 verbi
2671 4420 2814 4482 τάχα
2852 4410 3127 4482 interpre-

473 4488 769 4559 tationem,
814 4509 960 4566 quae
1013 4492 1163 4546 inest
1219 4490 1492 4564 Stephani
1535 4491 1837 4548 Thesauro
1883 4491 2133 4549 Graecae
2177 4491 2453 4564 Linguae,
2495 4489 2611 4547 vol.
2658 4508 2714 4565 7,
2759 4506 2890 4563 pag.
2944 4488 3124 4563 1894:

477 4588 506 4618 α
553 4575 704 4641 τάχα,
745 4588 856 4627 vox
900 4572 1183 4644 praemitti
1226 4570 1395 4627 solita
1437 4588 1469 4627 a
1512 4570 1809 4630 Graeculis
1851 4573 2072 4629 nomini
2115 4571 2425 4643 dignitatis,
2456 4572 2514 4628 in
2557 4570 2796 4633 demissi
2840 4568 3021 4630 animi
3064 4583 3128 4623 ac

476 4647 814 4707 humilitatis
857 4662 1272 4723 argumentum.
1320 4670 1350 4701 ιο
