3650 5192
572 1193 669 1242 11.

572 1421 669 1473 12.

573 1767 672 1835 ¹3·

573 1996 673 2065 15.

572 2228 669 2293 17.

571 2325 670 2392 18.

571 2455 669 2521 19.

565 2573 670 2621 20.

716 480 939 549 ἐθέλοι.
986 518 1073 534 -
1116 472 1316 571 ῥᾴδιον
1364 472 1431 546 δὲ
1475 481 1772 548 ἐντεῦθεν.

715 597 952 673 πάντως
997 586 1163 661 οὐδὲν
1208 596 1345 687 γάρ.
1391 633 1479 648 -
1523 595 1864 684 ποιήσομεν.

653 767 668 781 .
715 713 1093 788 στασιωτίας.
1125 748 1212 764 -
1241 710 1493 787 εἰκώτως
1525 708 1597 775 ἂν
1641 718 1763 776 τ’ὠν
1808 732 2070 802 κατηγο.
2101 747 2189 763 -
2231 702 2432 802 ράδιον
2478 704 2569 785 ἧν.
2602 748 2689 765 -
2719 712 3184 805 ἀποφεύγοντος.

654 882 669 898 .
714 838 788 904 ὡς
836 820 1055 894 δεινῶν.
1102 864 1190 879 -
1235 824 1408 893 deest
1450 834 1601 915 ὑμᾶς
1647 843 1791 915 post
1838 825 2146 917 χρὴματα.
3120 811 3125 816 ’

654 996 670 1011 .
716 945 845 1034 περὶ
888 949 1149 1032 ἐμαυτοῦ
1196 933 1298 1005 διὰ
1342 941 1417 1006 τὸ
1462 942 1720 1017 venene.
1765 979 1854 994 —
1890 918 2117 1013 deficat.
2163 980 2251 995 —
2305 941 2436 1033 ἅμα
2498 933 2565 1009 δὲ
2620 945 2726 1009 καὶ
2785 948 3049 1021 πολλοῖς.
3098 980 3186 996 -

826 1056 1215 1146 ἀπεχθόμην.

717 1169 1030 1238 διπλάσιον
1086 1177 1281 1236 αὐτῶν
1340 1169 1530 1261 (corr.
1577 1169 1711 1262 -ὸν)
1768 1170 2009 1254 ἑκάστῳ
2053 1194 2111 1238 τ.
2161 1196 2216 1238 σ.
2264 1209 2352 1225 —
2397 1162 2696 1250 ἐπιδείξας
2766 1165 2822 1239 δ’
2850 1173 3051 1240 αὐτόν.
3100 1211 3188 1226 -

825 1286 1084 1353 ἑκάστου
1131 1279 1494 1352 διπλάσειεν.

714 1411 928 1466 τοῦτον
985 1391 1237 1490 νομίζειν
1293 1399 1582 1464 κάκιστον
1640 1399 1939 1490 προσῆκει.
1987 1437 2074 1453 -
2119 1402 2249 1491 περὶ
2293 1400 2545 1471 πὸλεων.
2592 1439 2680 1454 -
2723 1401 3033 1493 τοιγάρτοι
3082 1392 3187 1467 διὰ

824 1515 936 1588 τὴν
981 1504 1247 1605 πατρίδα
1290 1523 1493 1578 ταῦτα
1536 1515 1753 1578 πολλοὶ
1796 1513 1907 1586 τὴν
1956 1519 2151 1580 αὐτῶν
2200 1521 2384 1584 ἀπολ.
2415 1551 2505 1570 --
2533 1518 2820 1609 γίνονται.
2852 1555 2940 1570 -
2985 1517 3187 1606 ἔχθρα

827 1638 1079 1722 πρῶτον,
1123 1631 1291 1695 ὅταν.
1336 1667 1424 1682 -
1468 1628 1641 1718 μόνον
1688 1627 1878 1696 deest.
1925 1666 2015 1682 —
2058 1632 2395 1720 συμβουλει.
2982 1631 2985 1634 ’

720 1747 907 1836 ἓαυμ.
943 1736 1010 1811 δὲ
1051 1744 1156 1809 τὸν
1202 1742 1587 1834 πεπεισμένον
1628 1749 1770 1810 ἀλκ.
1807 1734 2261 1836 δημοκρατείας.
2293 1783 2382 1798 -
2424 1745 2498 1820 ἢν
2545 1745 2840 1837 μάλιστα.
2885 1785 2974 1799 -
3017 1755 3190 1838 εὑρῆ-

827 1863 997 1929 σθαι.
1043 1897 1131 1912 -
1173 1856 1230 1924 οἶ
1272 1850 1398 1924 οὐδ’
1424 1860 1566 1926 ἀπὸ.
2854 1847 2873 1858 “

717 1976 1029 2065 κατάσχη.
1076 2013 1165 2028 -
1211 1965 1681 2043 διατάττεσθαι.
1727 2012 1815 2027 -
1860 1981 2074 2051 ἐκεῖνος
2121 1973 2311 2044 deest.

717 2095 821 2158 καὶ
863 2091 998 2167 τοὺς
1042 2116 1132 2155 ·--..-
1176 2090 1370 2166 αὐτὸς.
1417 2127 1506 2142 -
1552 2077 1661 2157 δεῖ.
1707 2128 1795 2143 -
1840 2090 1935 2181 ὑφ’
1961 2099 2150 2181 ἡμῶν.

714 2197 838 2278 ἤδη
885 2224 1031 2295 Post
1071 2228 1250 2296 πρατ.
1299 2202 1488 2272 deest.
1521 2243 1609 2258 —
1638 2205 2047 2296 ἐπηνάγκασε.
2081 2243 2170 2273 --.
2198 2205 2465 2272 ἐνεκάλει
2514 2206 2714 2275 αὑτὸν.
2746 2243 2836 2260 -
2864 2197 3183 2277 ἐδεδοίκει.

718 2329 1027 2389 ἀποτῖσαι.
1071 2357 1160 2372 -
1206 2319 1592 2410 φοβερότερος.
1640 2357 1728 2373 -
1771 2312 1897 2385 οὐδ’
1922 2312 2111 2386 εἰδίαν
2159 2320 2250 2412 (Ρ)
2295 2321 2453 2388 οὔτε.
3249 2299 3262 2312 ’

717 2434 911 2501 ἅπασι
954 2446 1077 2514 τοῖς
1122 2434 1355 2504 ἕλλησι.
1402 2470 1490 2486 -
1531 2433 1615 2498 τοὶ
1664 2425 1874 2500 δίκαια
1921 2434 2187 2525 φέροντα.
2237 2473 2325 2489 -
2371 2435 2630 2526 φανερὸς.

717 2550 990 2642 ταυρέαν,
1037 2552 1121 2616 ὅν.
1167 2587 1257 2603 -
1302 2541 1706 2633 Ἀλκιβιάδου.
1752 2587 1842 2602 -
1886 2550 2501 2641 συμφιλονεικοῦντων.
2548 2589 2636 2605 -
2681 2556 2885 2618 πλεον.

567 2687 671 2735 21.
702 2678 884 2757 παυρ.
931 2674 1206 2731 τοσαῦτα
1251 2664 1376 2755 μὲν.

565 2803 671 2851 22.

567 2918 671 2984 23.

566 3032 672 3100 24.

568 3146 672 3214 25.

567 3244 672 3310 26.

567 3378 674 3443 27.

568 3473 674 3540 28.

568 3606 672 3672 29.

569 3834 675 3902 30.

570 3949 675 4017 31.

574 4062 677 4131 32.

563 4292 677 4405 ⁶34·

571 4406 678 4475 35-

664 4554 679 4571 .
724 4499 880 4566 οὕτω
909 4502 1176 4589 χαλεπός
1207 4508 1387 4571 ἐστιν.
1420 4539 1507 4556 -
1539 4508 1753 4571 αὐτῶν.
1785 4543 1874 4558 -
1907 4489 2333 4595 διαπράξηται.
2357 4541 2447 4558 -
2474 4504 2579 4596 μὲν
2610 4504 2784 4574 deest
2814 4523 2957 4575 ante
2986 4507 3193 4579 ἐπιτη-

716 2780 1122 2872 προτείνονται
1167 2803 1282 2869 pro
1328 2779 1774 2871 στρατεύονται.
1819 2817 1908 2832 -
1960 2780 2486 2871 παρανομώτατος.

719 2899 1015 2967 ἐποίησεν.

717 3004 1227 3102 ὑπεραυξομὲνους.

717 3126 854 3217 πρὸς
897 3135 1099 3193 τοῦτο.
1146 3162 1234 3178 -
1278 3125 1812 3216 ἀπολογῆσασθαι.
1859 3164 1947 3179 -
1992 3117 2312 3204 ἀποδείξω.

719 3247 786 3305 οὐ
831 3239 1024 3308 deest.
1453 3313 1458 3318 ,
1856 3313 1861 3316 ,

718 3359 886 3424 ὅπου.
931 3393 1019 3409 -
1063 3354 1421 3425 Ἀθηναίων.
1451 3332 1555 3407 0-
1602 3346 1911 3437 βιάζηται.

719 3473 962 3561 εἴρηκεν.
1010 3507 1098 3523 -
1142 3478 1293 3560 ὑμᾶς
1341 3460 1407 3535 δὲ
1452 3481 1660 3559 μισεῖν.

719 3576 1029 3675 Διομῆδης.
1076 3622 1164 3638 -
1207 3576 1516 3662 ἐπιδόξειε.
1563 3622 1651 3638 -
1693 3585 1779 3650 τά
1824 3585 2096 3652 πινάκια.
2142 3622 2230 3637 -
2276 3586 2551 3678 προτέρᾳ,
2595 3590 2812 3665 οὐσίας.
2860 3626 2947 3642 -
2992 3591 3184 3680 χερνί-

832 3702 969 3782 βοις.
1017 3738 1105 3753 -
1149 3701 1443 3788 πομπίοις.
1491 3735 1579 3751 -—
1623 3706 1795 3789 ὑμᾶς·
1841 3702 1987 3767 ὅσοι.
2034 3738 2122 3753 -
2165 3693 2410 3791 μείζονα
2453 3701 2674 3778 πάσης.

725 3805 965 3880 διέθετο
1009 3823 1209 3881 τοῦτο.
1255 3852 1344 3863 -
1386 3809 1536 3878 οἶνον
1584 3804 1652 3879 δὲ
1696 3816 1801 3878 καὶ
1848 3814 2035 3880 ἄλλα.

724 3935 921 4019 ἅρχων
966 3924 1157 3995 deest.
1204 3927 1484 4000 σιτῆσιον.
1529 3965 1617 3980 -
1660 3928 1898 4012 ἔλαβεν.
1946 3931 2070 3996 καὶ.
2115 3969 2204 3980 —·
2248 3928 2453 3995 πολλοὶ
2498 3938 2620 3996 τῶν
2665 3932 2880 4015 τούτῳ.

723 4051 882 4133 ὑμεῖς
929 4034 995 4106 δὲ
1039 4033 1362 4131 νομίζεται.
1393 4081 1481 4096 -
1518 4042 1750 4133 σώματι
1796 4044 2102 4116 νικήσαντι
2149 4044 2382 4121 πάντας
2428 4051 2685 4136 ἀγῶνας.
2720 4084 2806 4099 -
2836 4056 3069 4114 τοῦτον.
3101 4084 3188 4101 -

831 4183 925 4233 ως.
971 4194 1059 4209 -
1102 4156 1350 4225 κόνωνα.
1663 4147 1668 4153 ”

722 4262 900 4337 τοῦδε
944 4281 1053 4336 τοῦ
1097 4271 1467 4364 πράγματος.
1513 4309 1601 4325 -
1646 4265 2059 4357 Ἀλκιβιάδης.
2106 4310 2193 4327 -
2240 4266 2326 4352 δίς
2371 4274 2564 4343 deest.

727 4387 847 4478 ἐγὼ
887 4388 1099 4454 τοίνυν.

837 4607 1003 4694 δειος.
1028 4657 1116 4670 -
1147 4617 1396 4711 φεῦγειν,
1426 4628 1459 4686 ὁ
1493 4610 1578 4689 δὲ.
1602 4657 1689 4674 -
1713 4612 2136 4712 ἀγωνιζόμενος
2171 4611 2409 4699 δικαίως
2438 4621 2679 4700 νικήσας
2711 4621 2895 4689 πάλιν
2929 4613 3192 4712 δόξαιμι.
