3650 5192
559 398 639 465 14

706 512 988 587 ‘Initium
1033 516 1609 608 argumentumque
1667 520 2164 610 uniuscuiusque
2222 522 2524 591 orationis
2569 525 2956 592 ornamentis
3000 523 3177 594 rubri

551 632 782 702 coloris
827 635 1191 724 praepositis
1234 652 1298 702 et
1339 633 1515 703 litera
1556 634 1774 702 initiali
1817 636 2024 710 rubra,
2049 634 2398 704 indicatum
2441 654 2552 705 est.

723 749 1007 818 Nomina
1048 750 1299 840 propria
1353 749 1530 821 nullo
1589 770 1738 819 sunt
1779 751 1966 839 signo
2010 767 2257 820 notata:
2303 751 2476 821 verbi
2520 751 2845 837 elementa,
2892 755 2945 822 si
2989 757 3203 851 respig

549 863 768 933 cienda
811 882 980 948 sunt,
1026 863 1254 934 lineola
1299 867 1761 956 supraponitur.

728 977 1098 1048 Secundum
1143 981 1511 1069 argumenta
1554 999 1768 1050 autem
1812 980 1968 1057 haec
2012 1000 2106 1050 est
2149 980 2450 1050 foliorum
2498 985 2715 1052 series:

547 1146 682 1214 Fol.
739 1167 897 1234 1-49
943 1170 1018 1216 v:
1069 1151 1583 1240 Ἀρποκρατίωνος·
1640 1150 1770 1240 περὶ
1835 1158 1956 1214 τῶν
2022 1141 2242 1228 λέξεων
2309 1160 2427 1215 τῶν
2476 1143 2628 1217 δέκα
2684 1151 2961 1243 ρητόρων.
3009 1152 3181 1219 inse-

808 1279 1092 1352 quuntur
1137 1262 1266 1331 duo
1313 1262 1462 1331 folia
1527 1287 1688 1353 quae
1747 1265 2049 1354 scriptura
2100 1283 2341 1348 vacant,
2386 1265 2615 1355 quibus
2661 1265 2887 1334 desinit
2929 1267 3173 1356 primus

811 1380 1174 1468 quaternio:
1221 1397 1285 1447 et
1327 1378 1803 1468 insequentibus
1835 1378 1999 1447 foliis
2043 1372 2400 1449 numeratio
2447 1380 2523 1448 ab
2568 1382 2747 1449 initio
2778 1383 3174 1451 instauratur.

719 1553 794 1621 In
840 1552 996 1645 folio
1041 1556 1248 1646 primo
1307 1555 1617 1625 secundae
1676 1555 1909 1635 codicis
1963 1558 2151 1647 partis
2197 1575 2398 1626 exstat
2440 1558 2650 1642 index,
2698 1558 3000 1627 exhibens
3047 1582 3180 1627 ora-

545 1667 801 1736 tionum
849 1669 1066 1739 titulos
1111 1689 1176 1739 et
1218 1687 1545 1740 oratorum
1589 1673 1872 1755 nomina,
1919 1694 2080 1762 quae
2125 1672 2345 1741 ultima
2390 1691 2640 1741 tantum
2686 1674 3066 1743 exscribam:

1216 1893 1440 1988 οξτοίδε
1485 1900 1711 1969 ἔνεστιν
1757 1909 1819 1968 ὲν
1864 1895 2020 1989 τῇδε
2062 1913 2146 1989 τῇ
2195 1905 2452 1989 βίβλῳ.·

1419 2007 1768 2093 Ἀνδοκίδης
1813 2023 1948 2109 λογ.
2000 2008 2059 2083 δ’

1421 2124 1731 2223 Δείνοιρχος
1875 2159 1909 2197 >>
1963 2185 1969 2192 -
2003 2134 2067 2222 γ’

1342 2296 1349 2304 .
1420 2246 1707 2337 Ἀντιφῶν
1852 2275 1909 2311 ->›
2005 2249 2077 2313 ιε’

1418 2373 1739 2454 Λυκοῦργος
1871 2390 1902 2427 >>
2000 2364 2063 2429 α’

1416 2479 1664 2567 Γοργίας
1866 2503 1903 2547 »
1999 2481 2070 2561 β”

1420 2584 1795 2684 Ἀλκιδάμας

1418 2699 1737 2790 Λεσβῶναξ

1417 2813 1688 2913 Ἡρώδης

1412 2939 1697 3025 Αἰσχίνης
1879 2964 1912 3002 >>
2005 2939 2081 3030 γ’·

709 3164 904 3232 Deest
942 3187 1096 3234 vero
1142 3189 1382 3234 nomen
1411 3166 1653 3253 Lysiae,
1686 3169 1866 3236 cuius
1897 3170 2212 3237 orationes
2243 3169 2444 3239 codex
2467 3189 2682 3238 noster
2712 3169 3167 3260 complectitur.

710 3280 1016 3348 Ceterum
1058 3282 1247 3349 series
1291 3299 1620 3350 oratorum
1663 3284 1749 3351 ita
1794 3282 2091 3352 traditur:

531 3508 664 3578 Fol.
721 3529 872 3598 1-25
922 3535 999 3580 v:
1044 3502 1394 3578 ’Ἀνδοκίδου
1435 3513 1625 3605 λόγοι.

531 3623 667 3692 Fol.
714 3628 958 3713 26-65:
1005 3625 1188 3718 [Β]ίος
1234 3615 1458 3693 Ἰσαίου
1501 3629 1738 3720 ῥήτορος
1783 3631 1890 3695 καὶ
1934 3631 2123 3722 λόγοι.

533 3738 665 3807 Fol.
718 3742 801 3807 66
845 3741 1043 3809 v—81:
1087 3741 1406 3832 Δεινάρχου
1448 3743 1638 3834 λόγοι.

528 3853 666 3923 Pol.
717 3857 969 3924 81-106
1012 3879 1087 3925 v:
1133 3856 1522 3948 Ἀντιφῶντος
1567 3859 1803 3951 ῥήτορος
1852 3861 1972 3943 βίος
2015 3862 2122 3926 καὶ
2167 3861 2357 3952 λόγοι.

530 3968 668 4062 Foi.
724 3973 843 4039 106
888 3991 1131 4039 v—121:
1179 3972 1506 4065 Λυκούργου
1550 3975 1727 4066 λόγος
1770 3974 1941 4040 κατὰ
1986 3987 2171 4044 Λεωκ.

532 4084 666 4152 Fol.
722 4104 1048 4174 122-125:
1093 4096 1202 4151 τοῦ
1235 4092 1419 4152 αὐτοῦ
1463 4087 1605 4180 ὑπὲρ
1636 4080 2019 4178 Παλαμήδου
2050 4108 2112 4158 et
2141 4114 2327 4180 supra
2371 4096 2555 4156 αὑτοῦ
2584 4109 2934 4160 atramento
2979 4091 3165 4180 nigro

796 4218 860 4269 et
920 4223 1115 4269 manu
1174 4203 1522 4272 recentiore
1567 4206 1826 4295 Γοργίου.
1875 4203 2283 4274 Desideratur
2325 4204 2735 4298 Antiphontis
2795 4208 3015 4291 oratic,
3062 4207 3165 4275 cui

793 4317 1043 4385 titulus:
1093 4316 1343 4394 Ἑλένης
1388 4316 1696 4410 ἐγκώμιον.

530 4429 666 4500 Fol.
721 4433 1046 4520 125-128:
1093 4424 1412 4517 Λεσβῶναξ
1456 4434 1783 4512 πολιτικός·
1830 4435 2008 4528 λόγος
2054 4436 2127 4505 α’.

530 4545 664 4616 Fol.
721 4551 1042 4636 131-136:
1091 4550 1394 4639 scriptura
1436 4566 1676 4618 vacant.

531 4661 663 4733 Fol.
719 4683 1040 4752 137—207:
1088 4667 1297 4731 Λυσίου
1340 4666 1575 4757 ῥήτορος
1622 4666 1815 4758 Λόγοι.
