3650 5192
602 347 682 398 10

1302 946 1418 1015 DE
1465 944 1795 1016 CODICE
1837 946 1897 1015 P
1935 944 2506 1016 ANDOCIDEO.

764 1264 1095 1336 Accedunt
1134 1265 1433 1336 lectiones
1476 1264 1711 1335 codicis
1754 1266 2055 1335 Ambros.
2100 1266 2173 1349 P,
2219 1266 2398 1334 cuius
2443 1287 2704 1355 quoque
2748 1262 2922 1333 nulla
2974 1265 3217 1353 integra

590 1381 840 1452 collatio
869 1399 1088 1473 exstat,
1121 1384 1270 1472 quia
1299 1381 1640 1466 Bekkerus,
1663 1383 1781 1450 nisi
1825 1383 1895 1449 in
1939 1381 2152 1472 paucis
2179 1383 2421 1471 paginis
2453 1378 2558 1448 hic
2584 1380 2710 1448 illic
2740 1402 2893 1448 eum
2922 1381 3212 1471 inspexit.

763 1610 947 1682 Orat.
992 1611 1101 1679 111.
1147 1627 1598 1711 argumentum
1642 1608 1743 1679 his
1784 1607 1993 1679 verbis
2035 1607 2320 1699 praebet:

1575 1842 1858 1920 ὑπόθεσις
1901 1852 2011 1907 τοῦ
2054 1834 2213 1919 ἑξῆς.

759 1956 1058 2048 Sequitur
1100 1955 1353 2026 titulus:

1259 2186 1399 2278 ὑπὲρ
1442 2196 1550 2264 τῆς
1593 2196 1713 2253 τῶν
1760 2179 2240 2278 Λακεδαιμονίων
2285 2189 2532 2280 εἰρήνης.

634 2439 688 2488 1.
735 2418 1053 2491 Ἀθηναῖοι
1098 2419 1232 2487 sine
1276 2418 1518 2495 πάντες.
1563 2455 1652 2472 -
1695 2417 2021 2510 γινώσκειν.
2067 2455 2155 2471 -
2206 2428 2621 2511 συγχωροῦσιν.
2667 2456 2757 2468 -
2800 2423 3205 2483 ἐναντιοῦνται

842 2534 976 2602 sine
1021 2532 1116 2603 ἄν.
1162 2570 1250 2587 -
1289 2543 1471 2599 τοῦτο
1517 2539 1584 2598 οὐ
1630 2533 1871 2610 πάντες.
1917 2570 2006 2587 -
2049 2533 2180 2599 ἔστι
2228 2524 2570 2600 δεινότατα.

625 2668 687 2717 2.
734 2649 1009 2741 πρότερον
1066 2649 1256 2717 deest.
1302 2686 1390 2701 -
1434 2656 1467 2714 ὸ
1528 2639 1713 2740 δῆμος
1771 2657 1803 2714 ὸ
1862 2657 1983 2713 τῶν
2043 2648 2183 2715 Ἀθ.
2228 2686 2317 2703 -
2374 2648 2542 2740 ἔργου
2599 2649 2705 2714 καὶ
2766 2638 2870 2715 δὶα
2933 2647 3069 2719 τὴν.
3118 2687 3207 2699 —

840 2750 1189 2836 ἐποιήσατε.
1748 2839 1752 2845 ,

621 2898 683 2966 3.
728 2879 1117 2969 ὠστρίσμενον
1162 2877 1274 2970 (Ρ).
1321 2916 1409 2931 -
1455 2870 1825 2969 ἐδεξάμεθα.
1872 2918 1962 2930 -
2004 2878 2242 2970 ἐγένετο
2287 2878 2399 2949 ἔτη
2446 2878 2649 2945 πέντε.

620 3015 684 3081 4.
730 2992 791 3059 ἓν
838 2985 905 3060 δὲ
947 2993 1163 3076 τούτῳ.
1210 3032 1300 3043 -
1342 3002 1375 3060 ὸ
1423 2984 1629 3084 δ’·ῆμος,
1673 3002 1705 3059 ὸ
1750 3002 1871 3058 τῶν
1915 2994 2035 3060 Αθ.
2082 2995 2333 3083 passim.

621 3127 683 3195 5.
728 3114 789 3173 ἐν
833 3117 925 3192 τῷ
971 3098 1038 3173 δὲ
1079 3117 1188 3190 τῷ.
1234 3146 1322 3161 -
1365 3120 1566 3198 τεῖχος
1618 3108 1692 3173 τὸ
1749 3121 1989 3200 φορεῖον.
2044 3145 2132 3161 -
2187 3110 2293 3173 καὶ
2351 3116 2580 3200 πρῶτον
2633 3132 2705 3174 τε
2762 3108 2919 3199 τρία.
2964 3144 3054 3162 -
3096 3109 3203 3174 καὶ

837 3232 1042 3290 ταῦτα
1085 3229 1156 3290 ἐκ
1198 3231 1307 3300 τῆς
1351 3223 1601 3314 εἰρήνης.

622 3338 684 3407 6.
729 3335 995 3430 πρέσβεις
1039 3340 1187 3430 περὶ.
1235 3375 1323 3391 -
1366 3339 1730 3411 ἐποιήσαντο
1776 3338 1914 3430 πρὸς
1960 3329 2181 3406 Λακεδ.

619 3470 682 3539 7.
728 3458 790 3517 ἐν
832 3450 1065 3528 τούτοις
1108 3451 1320 3518 ἔτεσιν.
1367 3492 1457 3504 -
1506 3454 2004 3544 κατεκλείσαμεν.
2052 3490 2140 3505 -
2184 3445 2461 3545 ἐξαίρετα
2518 3462 2608 3535 τῷ
2668 3442 2842 3543 δήμῳ
2896 3449 3066 3520 εἶναι.
3113 3489 3201 3506 —-

836 3567 943 3633 καὶ
986 3577 1191 3634 ταῦτα
1233 3560 1581 3660 ἐξαιρέτους.
1627 3608 1715 3620 ——
1758 3571 2062 3646 νεωσίκους
2107 3569 2220 3660 (P).

623 3683 684 3750 8.
730 3680 770 3755 ἢ
817 3683 1226 3774 τετρακοσίας.

582 3816 681 3865 10.
727 3788 1055 3888 ἐξελέγχει.
1100 3791 1200 3850 -->
1231 3819 1443 3865 κονιον.

582 3929 680 3979 12.
727 3909 834 4001 μὲν
877 3905 977 3975 οὖν
1024 3921 1088 3976 αἰ
1134 3903 1408 3978 σπονδαὶ·
1465 3950 1553 3966 -
1604 3904 1936 4004 οἰκοδομεῖν
1994 3924 2130 3991 ναῦς
2190 3920 2314 3980 ἐκεῖ
2364 3912 2469 4004 μὲν
2527 3904 2672 3980 δωδ.
2719 3950 2807 3966 -
2851 3914 3064 4005 σκίρον.
3110 3950 3198 3967 —-

836 4025 1012 4095 deest
1054 4019 1122 4105 ἐξ
1166 4035 1373 4119 ἀρχῆς.
1419 4067 1508 4079 —
1550 4026 2051 4118 καταλήψεσθαι,
2094 4052 2280 4120 supra
2322 4024 2588 4119 -δεχες-.
2619 4043 2712 4082 -’
2737 4038 2942 4095 ταῦτα
2989 4020 3198 4096 δίκαια

834 4148 1049 4219 ἐκεῖνος
1093 4147 1392 4235 ὁμολογεῖ.
1439 4181 1528 4198 -
1576 4134 1791 4217 δήπου.

579 4276 679 4345 13.
724 4255 764 4330 ἢ
793 4258 977 4341 βοηθ.
1002 4249 1400 4348 ἀδικημένοις.
1425 4297 1515 4313 -—
1535 4251 1916 4353 ἠδικούμεθα
1948 4263 2213 4347 βοηθοῖς.
2238 4300 2326 4317 -
2349 4260 2619 4354 ἀφήσειν.
2643 4300 2731 4317 -
2753 4262 3195 4354 πολεμήσομεν.

578 4394 678 4461 14.
726 4374 938 4465 σκίρον.
1281 4442 1285 4446 ,

580 4507 680 4574 15.
724 4499 847 4564 τοῖς
892 4486 998 4578 μὲν
1043 4487 1327 4580 σώμασιν.

581 4621 679 4688 17.
728 4594 784 4669 δ’
810 4601 1018 4681 αἶ’ντως.
