3650 5192
15 2011 24 2306 -ᾼ--ε-ΔἿ-..Ὶ-υᾼ
15 1887 20 1912 -.

3031 338 3072 403 9

448 458 628 524 cuius
672 456 928 525 alteram
959 472 1200 547 partem
1245 457 1660 526 correctiones
1691 457 1779 523 A²
1824 471 2120 545 spectant.
2153 453 2339 524 Liber
2380 456 2575 544 igitur
2611 455 3071 526 Ambrosianus

447 570 707 640 fortasse
749 594 899 640 cum
931 571 1299 662 Crippsiano
1332 571 1632 638 familiam
1664 572 2075 652 constituunt,
2107 571 2285 638 cuius
2330 569 2581 638 nullum
2612 571 2783 639 aliud
2814 594 3075 662 apogra-

446 689 623 777 phon
669 707 980 777 superest:
1027 711 1176 755 narn
1221 689 1331 777 qui
1382 705 1615 755 restant
1656 685 1794 754 libri
1840 688 1907 754 in
1953 685 2083 755 duo
2127 684 2495 755 dividuntur
2539 709 2789 774 genera.
2849 687 3071 757 Altero

447 804 618 870 enim
661 804 1062 871 continentur
1107 803 1187 882 Q
1221 819 1282 869 et
1325 803 1434 885 A2,
1480 802 1672 870 altero
1717 801 1771 868 L
1816 802 1889 869 M
1933 802 1981 868 Z
2027 802 2098 884 P,
2145 802 2254 891 qui
2301 800 2587 891 descripti
2633 820 2782 870 sunt
2825 802 3073 871 codices

448 940 525 984 ex
570 940 703 984 uno
750 918 800 984 B
830 919 1282 985 Laurentiano:
1329 918 1379 984 B
1424 933 1637 985 autem
1682 940 1761 984 ex
1788 916 1851 983 A
1880 914 2262 1004 descriptum
2294 938 2427 983 esse
2464 917 2591 983 iam
2621 915 2928 985 Iernstedt
2961 916 3072 1008 (1)

447 1032 791 1121 suspicatus
822 1048 935 1115 est,
962 1033 1140 1099 cuius
1171 1032 1541 1098 sententiam
1571 1031 1887 1119 scripturis
1918 1030 2159 1119 aliquot
2189 1031 2519 1120 utriusque
2549 1028 2786 1098 collatis
2807 1029 3075 1120 proban-

449 1144 598 1213 dam
641 1168 775 1212 esse
822 1146 1256 1212 Buermannus
1300 1143 1621 1213 intellexit.
1653 1144 1946 1232 Denique
1976 1161 2246 1233 apparet,
2278 1143 2357 1212 de
2402 1144 2702 1213 omnibus
2732 1145 3073 1234 scripturae

445 1259 866 1339 varietatibuS,
898 1281 1053 1348 quas
1081 1260 1143 1327 A
1187 1258 1395 1341 habet,
1427 1281 1561 1326 non
1604 1257 1777 1325 aliter
1805 1257 2215 1326 iudicandum
2261 1281 2394 1326 esse
2425 1276 2614 1348 atque
2658 1256 2738 1325 de
2781 1260 2951 1328 varia
2991 1258 3077 1326 le-

447 1376 655 1443 ctione
677 1374 778 1442 vel
801 1373 1238 1443 additamentis
1269 1373 1597 1442 cuiusdam
1626 1371 1880 1457 codiciS,
1913 1395 2084 1441 nunc
2112 1374 2344 1457 amissi,
2376 1395 2572 1463 quem
2602 1399 2645 1439 α
2673 1374 3071 1441 denotamus.

445 1489 615 1559 Nam
645 1491 792 1558 satis
823 1507 1066 1558 constat
1109 1513 1244 1558 non
1287 1507 1535 1557 tantum
1579 1491 1647 1556 in
1691 1490 1975 1576 margine
2020 1487 2313 1566 codicum
2359 1490 2557 1556 varias
2599 1488 2898 1557 lectiones
2942 1512 3078 1578 per-

447 1603 677 1673 multas
707 1604 943 1672 additas
974 1615 1127 1688 esse,
1159 1604 1289 1672 aliis
1320 1602 1711 1694 temporibus
1741 1602 1817 1670 ab
1864 1602 1997 1670 aliis
2028 1600 2319 1672 manibus
2364 1601 2497 1672 aliis
2542 1601 2861 1672 coloribus
2904 1603 3072 1687 aliaS,

447 1719 648 1788 modo
678 1718 885 1788 addita
913 1737 1063 1788 nota
1092 1744 1181 1812 γρ.
1216 1719 1415 1788 modo
1446 1743 1578 1788 non
1606 1716 1834 1803 addita,
1866 1718 1974 1787 sed
2005 1720 2195 1787 etiam
2221 1717 2413 1788 verba
2439 1720 2572 1808 ipsa
2594 1718 2917 1787 interdum
2941 1741 3076 1787 cor-

447 1853 612 1904 recta
655 1857 809 1919 esse,
841 1837 1069 1924 partim
1098 1837 1183 1902 ita
1213 1852 1285 1901 ut
1314 1832 1466 1924 quid
1496 1835 1668 1924 prius
1699 1835 2003 1923 scriptum
2033 1832 2239 1916 fuerit,
2270 1831 2479 1901 adhuc
2509 1835 2807 1922 cognosci
2852 1835 3073 1924 possit,

447 1951 676 2039 partim
707 1952 894 2017 erasis
924 1948 1257 2039 prioribus,
1294 1949 1512 2028 Quare
1540 1950 1677 2016 iure
1706 1947 1891 2016 nobis
1922 1948 2248 2030 coniicere,
2281 1949 2470 2015 etiam
2499 1946 2848 2017 Andocidis
2875 1946 3071 2017 libros

448 2063 707 2132 diversis
738 2063 1128 2153 temporibus
1174 2087 1210 2131 a
1255 2063 1510 2131 diversis
1540 2061 1801 2131 librariis
1849 2061 2107 2131 collatos
2143 2085 2273 2130 esse
2319 2060 2396 2128 ad
2442 2060 2814 2130 huiusmodi
2859 2084 3071 2130 exem·

446 2179 597 2269 plar,
644 2178 812 2246 unde
856 2180 1059 2247 variae
1125 2202 1349 2246 manus
1418 2176 1649 2247 codicis
1705 2179 1799 2262 A,
1848 2200 2192 2268 earumque
2257 2195 2536 2246 recentes
2591 2178 2653 2245 A
2708 2200 2802 2266 pr.
2847 2178 2933 2245 A¹
2984 2179 3074 2246 At

446 2292 1011 2363 denominationes,

620 2409 738 2477 His
801 2408 1068 2477 breviter
1112 2410 1410 2499 expositis
1456 2408 1536 2477 de
1578 2407 1887 2477 librorum
1932 2406 2325 2491 condicione,
2372 2389 2738 2498 quaemihi
2781 2406 3075 2476 nondum

445 2525 711 2593 omnino
768 2525 1045 2614 inspecta
1103 2526 1439 2593 constituta
1482 2522 1749 2607 videtur,
1795 2541 1986 2592 restat
2029 2541 2102 2590 ut
2143 2522 2306 2590 hanc
2347 2522 2646 2591 codicum
2691 2521 3073 2591 Androcidis

445 2641 921 2730 cognationem,
968 2663 1128 2730 quae
1184 2639 1262 2708 ab
1318 2639 1565 2708 iudiciis
1618 2638 1957 2709 doctorum
2010 2637 2353 2707 hominum
2398 2637 2625 2707 deduci
2667 2656 2911 2729 potest,
2957 2637 3075 2707 de-

447 2755 749 2826 scribam:

1386 2894 1648 3045 νΑιιιΑᾳ
1636 3003 1870 3045 norro

1114 3080 2085 3336 Τ-ΑΓ-Ἰ

1209 3274 1386 3767 {3⁵
1955 3375 2156 3510 Α

1890 3525 1976 3587 A?
2094 3530 2161 3594 Q
2175 3527 2442 3585 Ambros.

1147 3786 1468 3844 LMZP

623 4012 796 4081 Haec
836 4030 986 4080 sunt
1028 4034 1189 4102 quae
1234 4008 1312 4079 de
1358 4009 1571 4080 codice
1618 4010 1698 4091 Q
1733 4008 1995 4079 dicenda
2038 4009 2352 4080 videntur.
2397 4010 2534 4081 Nec
2577 4032 2683 4080 me
2728 4009 2894 4101 fugit
2937 4033 3072 4081 esse

446 4128 515 4197 in
544 4124 669 4196 hoc
698 4150 841 4194 casu
874 4126 990 4195 alia
1021 4128 1166 4195 satis
1196 4125 1388 4214 digna
1418 4126 1496 4195 de
1526 4125 1756 4216 quibus
1792 4127 2143 4195 accuratius
2166 4128 2539 4217 inquiratur,
2569 4125 2679 4195 sed
2709 4127 3070 4196 uberiorem

449 4241 966 4333 disceptationem
1023 4244 1092 4310 in
1143 4240 1312 4309 aliud
1362 4258 1613 4329 tempus
1679 4240 1929 4310 differre
1981 4243 2279 4311 omnium
2337 4240 2632 4312 codicum
2691 4243 3075 4312 accuratiore

121 4331 417 4498 f
445 4357 779 4426 collatione
824 4358 1132 4425 maturius
1177 4355 1340 4424 mihi
1383 4356 1595 4424 visum
1641 4373 1755 4425 est.

605 4598 700 4680 (1)
741 4603 940 4661 Victor
979 4600 1274 4659 Iernstedt.
1320 4599 1695 4675 Antiphontis
1738 4601 2042 4658 orationes.
2088 4600 2381 4681 Petropoli
2429 4600 2599 4660 1880.
