3650 5192
2981 403 3051 470 15

432 523 564 591 1201.
614 542 775 609 207:
823 523 1124 614 scriptura
1166 539 1404 591 vacant.

342 619 372 712 ι,
429 637 561 706 Fol.
611 616 941 707 208-211:
989 629 1469 727 Ἀλκιδάμαντος
1516 637 1711 728 λόγος.

426 752 560 848 Fol.
609 773 940 844 211-2UI3:
988 744 1468 844 Ἀλκιδάμαντος
1515 745 1848 828 Ὀδυσσέως
1894 751 2088 843 λόγος.

426 867 561 937 Pol.
611 887 940 957 213-215:
987 867 1395 944 Ἀντισθένους
1440 870 1604 944 Αἴας.

425 981 563 1092 1³91.
611 985 906 1071 215-216
951 1005 1027 1049 v:
1070 973 1354 1071 Δημάδου
1398 981 1594 1072 λόγος.

425 1095 561 1164 Fol.
613 1098 942 1186 217-265:
987 1094 1319 1163 Aeschinis
1380 1096 1694 1163 orationes
1759 1092 2300 1183 complectuntur:
2353 1094 2657 1184 scriptura
2701 1111 2914 1162 autem
2959 1113 3052 1163 est

687 1208 847 1279 adeo
892 1212 1137 1278 minuta
1178 1229 1243 1278 et
1284 1232 1512 1300 pressa,
1551 1228 1625 1277 ut
1667 1209 1857 1299 paulo
1889 1208 2248 1277 dissimilior
2277 1209 2356 1293 ei,
2387 1231 2582 1299 quam
2627 1208 3055 1299 praecedentia

690 1324 837 1393 folia
880 1323 1243 1408 ostendunt,
1274 1341 1579 1415 appareat.
1611 1323 1686 1391 In
1731 1346 1986 1392 summa
2029 1325 2255 1414 pagina
2300 1343 2427 1410 217
2461 1341 2659 1392 exstat
2699 1322 3051 1413 inscriptio:

686 1442 969 1530 Αἰσχίνου
995 1440 1243 1531 ῥήτορος
1300 1439 1466 1505 κατὰ
1523 1449 1948 1530 Κτησιφῶντος
2001 1439 2183 1507 cuius
2226 1439 2417 1507 verba
2457 1456 2844 1528 ornatusque
2887 1456 3054 1507 atra-

685 1573 908 1624 mento
952 1554 1149 1624 rubro
1194 1552 1377 1623 valde
1422 1553 1688 1623 evanido
1733 1556 1960 1644 scripta
2004 1571 2171 1622 sunt.

595 1786 863 1876 Aliquot
903 1808 1121 1877 parvas
1178 1784 1477 1853 lectiones
1531 1785 1772 1869 inveni,
1816 1785 1981 1852 inter
2024 1808 2179 1875 quas
2231 1782 2654 1875 paragraphus
2698 1801 2794 1853 est
2837 1784 2966 1853 260
3009 1806 3051 1851 a

421 1917 574 1968 orat.
607 1900 717 1984 III,
765 1900 875 1967 ubi
918 1917 1133 1967 noster
1177 1896 1379 1967 codex
1437 1898 1691 1967 exhibet
1734 1898 2261 1990 παραλειπομένων
2308 1900 2479 1964 αὐτοὶ
2523 1898 2608 1964 τοὶ
2655 1888 2863 1963 δίκαια
2908 1897 3050 1989 ὑπέρ

417 2023 526 2091 τῆς
557 2020 699 2082 πολ.
731 2011 909 2105 ψηφ.;
956 2015 1056 2083 Fr.
1090 2015 1397 2083 Frankius
1443 2014 1521 2081 ad
1565 2013 1748 2082 illum
1775 2013 1995 2103 locum
2040 2013 2197 2081 nihil
2225 2011 2500 2081 adnotat.
2533 2013 2817 2082 Praetera
2848 2013 3050 2080 oratio

415 2155 476 2198 κ.
523 2141 780 2221 Τιμαρχ.
824 2131 892 2196 in
935 2128 1063 2196 hoc
1107 2145 1381 2211 comma,
1428 2127 1604 2218 quod
1648 2130 1716 2197 in
1770 2129 2073 2196 omnibus
2114 2129 2467 2197 recentibus
2512 2126 2904 2196 orationibus
2948 2124 3051 2194 de-

417 2245 744 2328 sideratur,
790 2243 1046 2314 desinit:
1092 2253 1143 2310 εἰ
1189 2239 1287 2309 οὖν
1336 2244 1737 2327 βουλήσεσθε,
1768 2243 1867 2327 croi
1930 2236 2140 2310 δίκαια
2183 2246 2291 2309 καὶ
2334 2244 2419 2309 τὰ
2476 2242 2847 2334 συμφέροντα
2890 2250 3049 2332 ὑμῶν

415 2359 820 2444 ποιησάντων,
850 2360 1293 2451 φιλοτιμότερον
1337 2368 1506 2449 ἡμεῖς
1552 2351 1758 2449 ἕξομεν
1786 2359 1924 2436 τοὺς
1970 2369 2458 2451 παρανομοῦντας
2503 2350 2826 2437 ἐξετάζειν.
2860 2357 3051 2437 Quae

415 2474 604 2544 verba
647 2497 803 2543 vero
848 2492 1072 2543 monet
1126 2473 1487 2542 scholiastes
1540 2476 1604 2542 in
1659 2474 1921 2564 antiquo
1975 2473 2314 2564 exemplari
2359 2498 2493 2542 non
2539 2492 2810 2558 exstare3
2857 2495 3048 2563 quare

414 2610 579 2659 recte
628 2589 900 2659 editores
929 2612 1115 2679 posse
1151 2587 1364 2658 abesse
1409 2588 1858 2677 judicaverunt.
1891 2590 2192 2657 Proxime
2235 2606 2450 2657 autem
2494 2586 2847 2657 secundum
2877 2588 3047 2657 And.

415 2704 711 2773 Aeschini
757 2726 1016 2794 operam
1061 2702 1245 2787 dabo,
1278 2705 1457 2772 cuius
1500 2702 1818 2788 lectioneS,
1865 2727 2020 2794 quas
2064 2702 2253 2772 habet
2297 2702 2499 2772 codex
2528 2704 2600 2788 P,
2632 2701 3048 2793 peculiaribus

418 2817 880 2903 collationibus,
924 2843 1044 2888 suo
1090 2837 1375 2910 tempore
1421 2817 1659 2904 dandis,
1704 2843 1978 2889 reservo.

592 2935 817 3004 Codex
847 2937 918 3019 P,
950 2953 1023 3002 ut
1066 2952 1334 3026 apparet,
1367 2959 1499 3004 non
1543 2938 1628 3004 ita
1672 2959 1708 3003 a
1751 2937 1971 3004 ceteris
2001 2936 2053 3003 L
2097 2954 2161 3003 et
2204 2936 2277 3003 M
2321 2934 2548 3018 differt,
2581 2952 2655 3001 ut
2683 2956 2851 3002 nova
2894 2934 3048 3003 lem-

416 3069 613 3134 mata,
659 3073 771 3119 seu
828 3050 1142 3140 exempla,
1187 3051 1649 3135 subministret3
1718 3052 2009 3140 quamvis
2063 3049 2367 3140 quasdam
2420 3067 2601 3118 notas
2653 3065 3047 3139 praepostere

415 3164 749 3233 collocatas
778 3165 845 3233 in
874 3163 1107 3233 locum⁴
1135 3187 1328 3232 suum
1359 3166 1660 3247 restituat,
1690 3164 1791 3233 vel
1822 3164 2030 3233 addita
2073 3164 2411 3234 serioribus
2440 3163 2832 3254 temporibus
2877 3160 3046 3233 faece

415 3296 636 3347 careat.
669 3279 759 3347 At
785 3301 939 3348 vero
970 3276 1356 3346 considerate
1399 3277 1739 3367 judicantes
1770 3280 1912 3369 quis
1940 3280 2022 3348 sit
2046 3279 2392 3364 librorum,
2422 3276 2501 3347 ad
2531 3274 3046 3347 constituendum

415 3412 755 3463 auctorum
793 3410 1183 3477 contextum,
1237 3416 1410 3477 usuS,
1462 3411 1991 3482 supervacaneum
2038 3417 2173 3464 non
2216 3392 2682 3477 existimabunt,
2715 3415 2865 3461 cum
2910 3391 3048 3459 uni-

414 3531 622 3577 versas
686 3508 990 3577 lectiones
1054 3507 1299 3576 duabus
1366 3509 1755 3578 orationibus
1821 3507 2168 3578 Andocidis
2233 3511 2514 3600 proprias
2564 3507 3043 3597 ‘exscripserim

412 3624 740 3692 Praeterea
785 3622 1124 3714 aliquando
1170 3624 1236 3691 in
1280 3623 1542 3712 singulis
1570 3622 1893 3693 vocabulis
1921 3626 2246 3693 varietates
2281 3648 2415 3693 non
2458 3647 2601 3693 raro
2646 3620 3044 3706 exhibentur,

412 3736 645 3827 quibus
691 3735 1082 3806 mendorum
1127 3739 1311 3826 origo
1372 3736 1542 3807 haud
1598 3737 1787 3807 dubie
1845 3738 2243 3823 ostendatur3
2287 3738 2390 3806 vel
2433 3737 2605 3806 haud
2647 3760 2791 3807 raro
2837 3738 3047 3806 evenit

412 3868 485 3917 ut
517 3849 839 3918 sollemnis
870 3848 1131 3918 alicuius
1159 3849 1333 3919 verbi
1366 3872 1559 3935 error,
1589 3849 1745 3918 locis
1774 3848 2116 3941 depravatis
2153 3868 2220 3920 et
2262 3851 2546 3920 obscuris
2572 3850 2783 3919 lucem
2812 3849 3043 3918 afferat.

591 3965 814 4047 Quare
845 3982 1007 4034 totas
1051 3964 1185 4033 illas
1228 3967 1544 4035 orationes
1585 3977 1926 4050 recensere,
1955 3966 2426 4058 verborumque
2470 3965 2847 4036 differentias
2891 3987 3046 4056 quas

411 4080 648 4162 notavi,
678 4101 784 4146 me
828 4079 896 4147 in
927 4079 1213 4149 medium
1254 4078 1398 4149 dare
1442 4104 1576 4149 non
1618 4081 1841 4170 piguit.
1874 4080 2017 4149 Alia
2061 4081 2523 4150 exoratoribus
2552 4080 2776 4149 Atticis
2821 4078 3047 4148 selecta

410 4194 480 4263 in
523 4194 711 4263 huius
772 4192 951 4263 modi
995 4195 1560 4286 disputatiunculae
1616 4195 1942 4281 fasciculo,
1988 4220 2144 4265 mox
2188 4198 2258 4264 in
2300 4195 2509 4265 lucem
2576 4194 2936 4285 proditum,
2983 4213 3046 4263 et

412 4309 523 4399 qui
565 4308 805 4400 aliquot
857 4328 1169 4399 praeterea
1221 4309 1693 4381 emendationes
1755 4313 2271 4403 coniecturasque
2316 4309 2715 4381 Andocideas
2758 4308 3046 4399 comple-

410 4442 630 4508 ctetur,
675 4422 1011 4514 proferam.

652 4587 896 4633 Mediolani
924 4592 1039 4632 1886.
