<?xml version="1.0" encoding="UTF-8"?>
<!DOCTYPE html PUBLIC "-//W3C//DTD XHTML 1.0 Transitional//EN"
    "http://www.w3.org/TR/xhtml1/DTD/xhtml1-transitional.dtd">
<html xmlns="http://www.w3.org/1999/xhtml" xml:lang="en" lang="en">
 <head>
  <title>
</title>
<meta http-equiv="Content-Type" content="text/html;charset=utf-8" />
  <meta name='ocr-system' content='tesseract 3.04.00' />
  <meta name='ocr-capabilities' content='ocr_page ocr_carea ocr_par ocr_line ocrx_word'/>
</head>
<body>
  <div class='ocr_page' id='page_1' title='image "andocidisdecodi00cinqgoog_0015.png"; bbox 0 0 3650 5192; ppageno 0'>
   <div class='ocr_carea' id='block_1_1' title="bbox 441 346 3096 3321">
    <p class='ocr_par' dir='ltr' id='par_1_1' title="bbox 3019 346 3091 395">
     <span class='ocr_line' id='line_1_1' title="bbox 3019 346 3091 395; baseline 0.014 -1"><span class='ocrx_word' id='word_1_1' title='bbox 3019 347 3045 394; x_wconf 86' lang='lat'>1</span> <span class='ocrx_word' id='word_1_2' title='bbox 3065 346 3091 395; x_wconf 82' lang='lat'>1</span> 
     </span>
    </p>

    <p class='ocr_par' dir='ltr' id='par_1_2' title="bbox 473 456 3053 559">
     <span class='ocr_line' id='line_1_2' title="bbox 473 456 3053 559; baseline -0 -23"><span class='ocrx_word' id='word_1_3' title='bbox 473 470 569 537; x_wconf 85' lang='lat'>18.</span> <span class='ocrx_word' id='word_1_4' title='bbox 615 466 792 535; x_wconf 83' lang='grc' dir='ltr'>ταῦτ’</span> <span class='ocrx_word' id='word_1_5' title='bbox 818 468 1080 559; x_wconf 77' lang='grc' dir='ltr'>ἀφίασιν.</span> <span class='ocrx_word' id='word_1_6' title='bbox 1126 505 1216 518; x_wconf 95' lang='grc'><strong>-</strong></span> <span class='ocrx_word' id='word_1_7' title='bbox 1258 466 1698 542; x_wconf 77' lang='grc' dir='ltr'>ὑπολειπόντες.</span> <span class='ocrx_word' id='word_1_8' title='bbox 1745 502 1834 519; x_wconf 94' lang='lat'>—-</span> <span class='ocrx_word' id='word_1_9' title='bbox 1879 456 1947 531; x_wconf 78' lang='grc' dir='ltr'>δὲ</span> <span class='ocrx_word' id='word_1_10' title='bbox 1993 467 2281 548; x_wconf 75' lang='grc' dir='ltr'>βοιωτοϊς.</span> <span class='ocrx_word' id='word_1_11' title='bbox 2326 500 2416 516; x_wconf 90' lang='lat'>-—</span> <span class='ocrx_word' id='word_1_12' title='bbox 2459 466 2565 533; x_wconf 75' lang='grc' dir='ltr'>καὶ</span> <span class='ocrx_word' id='word_1_13' title='bbox 2608 467 2711 532; x_wconf 74' lang='grc' dir='ltr'>ὅτι</span> <span class='ocrx_word' id='word_1_14' title='bbox 2756 488 2816 532; x_wconf 81' lang='grc' dir='ltr'>τ.</span> <span class='ocrx_word' id='word_1_15' title='bbox 2863 469 3053 538; x_wconf 80' lang='grc' dir='ltr'>νίκην.</span> 
     </span>
    </p>

    <p class='ocr_par' dir='ltr' id='par_1_3' title="bbox 471 580 2030 675">
     <span class='ocr_line' id='line_1_3' title="bbox 471 580 2030 675; baseline -0.002 -23"><span class='ocrx_word' id='word_1_16' title='bbox 471 604 570 669; x_wconf 89' lang='lat'>19.</span> <span class='ocrx_word' id='word_1_17' title='bbox 615 582 756 675; x_wconf 89' lang='grc' dir='ltr'>παρ’</span> <span class='ocrx_word' id='word_1_18' title='bbox 781 591 938 674; x_wconf 84' lang='grc' dir='ltr'>ὑμῶν</span> <span class='ocrx_word' id='word_1_19' title='bbox 982 583 1230 675; x_wconf 70' lang='grc' dir='ltr'>εἰρήνης.</span> <span class='ocrx_word' id='word_1_20' title='bbox 1275 617 1364 635; x_wconf 90' lang='lat'>—-</span> <span class='ocrx_word' id='word_1_21' title='bbox 1406 589 1459 646; x_wconf 81' lang='grc' dir='ltr'>εἰ</span> <span class='ocrx_word' id='word_1_22' title='bbox 1502 580 1586 672; x_wconf 76' lang='grc' dir='ltr'>μὴ</span> <span class='ocrx_word' id='word_1_23' title='bbox 1633 582 1777 670; x_wconf 88' lang='grc' dir='ltr'>μίαν</span> <span class='ocrx_word' id='word_1_24' title='bbox 1822 581 2030 671; x_wconf 81' lang='grc' dir='ltr'>μόνην.</span> 
     </span>
    </p>

    <p class='ocr_par' dir='ltr' id='par_1_4' title="bbox 462 678 3096 903">
     <span class='ocr_line' id='line_1_4' title="bbox 462 686 3096 788; baseline -0.001 -21"><span class='ocrx_word' id='word_1_25' title='bbox 462 719 569 769; x_wconf 75' lang='grc'><strong>21.</strong></span> <span class='ocrx_word' id='word_1_26' title='bbox 616 707 739 776; x_wconf 78' lang='grc' dir='ltr'>πῶς</span> <span class='ocrx_word' id='word_1_27' title='bbox 783 690 1054 776; x_wconf 70' lang='grc' dir='ltr'>ἕξεσθαι.</span> <span class='ocrx_word' id='word_1_28' title='bbox 1100 735 1189 752; x_wconf 92' lang='lat'><em>-</em></span> <span class='ocrx_word' id='word_1_29' title='bbox 1232 687 1715 788; x_wconf 79' lang='grc' dir='ltr'>Λακεδαιμονίοις</span> <span class='ocrx_word' id='word_1_30' title='bbox 1772 698 1955 772; x_wconf 77' lang='grc' dir='ltr'>ὄντες.</span> <span class='ocrx_word' id='word_1_31' title='bbox 2002 732 2091 749; x_wconf 94' lang='grc'>-</span> <span class='ocrx_word' id='word_1_32' title='bbox 2150 687 2411 787; x_wconf 83' lang='grc' dir='ltr'>ἀνδραπ.</span> <span class='ocrx_word' id='word_1_33' title='bbox 2457 696 2563 763; x_wconf 81' lang='grc' dir='ltr'>καὶ</span> <span class='ocrx_word' id='word_1_34' title='bbox 2624 686 2803 782; x_wconf 74' lang='grc' dir='ltr'>δῃοῦν</span> <span class='ocrx_word' id='word_1_35' title='bbox 2848 696 2962 788; x_wconf 68' lang='grc' dir='ltr'>(Ρ).</span> <span class='ocrx_word' id='word_1_36' title='bbox 3008 735 3096 752; x_wconf 94' lang='lat'>—-</span> 
     </span>
     <span class='ocr_line' id='line_1_5' title="bbox 725 803 1880 903; baseline -0.002 -24"><span class='ocrx_word' id='word_1_37' title='bbox 725 815 897 879; x_wconf 81' lang='grc' dir='ltr'>αὐτοὶ</span> <span class='ocrx_word' id='word_1_38' title='bbox 944 804 1001 879; x_wconf 88' lang='grc' dir='ltr'>δ’</span> <span class='ocrx_word' id='word_1_39' title='bbox 1023 818 1131 878; x_wconf 76' lang='grc' dir='ltr'>οὐκ</span> <span class='ocrx_word' id='word_1_40' title='bbox 1175 819 1335 879; x_wconf 82' lang='grc' dir='ltr'>ὲπικ.</span> <span class='ocrx_word' id='word_1_41' title='bbox 1380 847 1469 864; x_wconf 92' lang='grc'>-</span> <span class='ocrx_word' id='word_1_42' title='bbox 1514 803 1880 903; x_wconf 75' lang='grc' dir='ltr'><strong>ξυμμάχους.</strong></span> 
     </span>
    </p>

    <p class='ocr_par' dir='ltr' id='par_1_5' title="bbox 460 919 3028 1019">
     <span class='ocr_line' id='line_1_6' title="bbox 460 919 3028 1019; baseline 0 -23"><span class='ocrx_word' id='word_1_43' title='bbox 460 947 566 996; x_wconf 98' lang='grc'>22.</span> <span class='ocrx_word' id='word_1_44' title='bbox 616 947 759 1019; x_wconf 89' lang='lat' dir='ltr'><strong>post</strong></span> <span class='ocrx_word' id='word_1_45' title='bbox 801 928 961 1019; x_wconf 69' lang='grc' dir='ltr'>μετὰ</span> <span class='ocrx_word' id='word_1_46' title='bbox 1006 928 1182 997; x_wconf 87' lang='lat' dir='ltr'><strong>deest</strong></span> <span class='ocrx_word' id='word_1_47' title='bbox 1227 919 1314 995; x_wconf 81' lang='grc' dir='ltr'>δὲ.</span> <span class='ocrx_word' id='word_1_48' title='bbox 1358 965 1448 981; x_wconf 94' lang='grc'>-</span> <span class='ocrx_word' id='word_1_49' title='bbox 1489 926 1779 1019; x_wconf 80' lang='grc' dir='ltr'>εὑρομένοι</span> <span class='ocrx_word' id='word_1_50' title='bbox 1827 932 2041 993; x_wconf 81' lang='grc' dir='ltr'>αὐτῶν.</span> <span class='ocrx_word' id='word_1_51' title='bbox 2087 963 2176 980; x_wconf 94' lang='grc'>-</span> <span class='ocrx_word' id='word_1_52' title='bbox 2221 927 2586 1001; x_wconf 75' lang='grc' dir='ltr'>ἐποιήσαντο</span> <span class='ocrx_word' id='word_1_53' title='bbox 2629 928 2738 994; x_wconf 76' lang='grc' dir='ltr'>καὶ</span> <span class='ocrx_word' id='word_1_54' title='bbox 2782 928 3028 997; x_wconf 76' lang='grc' dir='ltr'>Κόνωνι.</span> 
     </span>
    </p>

    <p class='ocr_par' dir='ltr' id='par_1_6' title="bbox 461 1036 2478 1134">
     <span class='ocr_line' id='line_1_7' title="bbox 461 1036 2478 1134; baseline -0 -25"><span class='ocrx_word' id='word_1_55' title='bbox 461 1061 567 1130; x_wconf 92' lang='grc'>23.</span> <span class='ocrx_word' id='word_1_56' title='bbox 613 1042 952 1134; x_wconf 75' lang='grc' dir='ltr'>εὑρομένοις.</span> <span class='ocrx_word' id='word_1_57' title='bbox 997 1080 1085 1095; x_wconf 91' lang='lat'><em>-</em></span> <span class='ocrx_word' id='word_1_58' title='bbox 1131 1040 1599 1125; x_wconf 70' lang='grc' dir='ltr'>βουλεύσασθαι.</span> <span class='ocrx_word' id='word_1_59' title='bbox 1645 1078 1734 1095; x_wconf 92' lang='lat'><em>-</em></span> <span class='ocrx_word' id='word_1_60' title='bbox 1775 1042 1882 1107; x_wconf 78' lang='grc' dir='ltr'>καὶ</span> <span class='ocrx_word' id='word_1_61' title='bbox 1927 1042 2056 1132; x_wconf 82' lang='grc' dir='ltr'>περὶ</span> <span class='ocrx_word' id='word_1_62' title='bbox 2099 1036 2199 1108; x_wconf 85' lang='grc' dir='ltr'>ὧν.</span> <span class='ocrx_word' id='word_1_63' title='bbox 2246 1076 2335 1093; x_wconf 94' lang='grc'>-</span> <span class='ocrx_word' id='word_1_64' title='bbox 2382 1038 2478 1108; x_wconf 78' lang='grc' dir='ltr'>ἂν.</span> 
     </span>
    </p>

    <p class='ocr_par' dir='ltr' id='par_1_7' title="bbox 460 1154 962 1249">
     <span class='ocr_line' id='line_1_8' title="bbox 460 1154 962 1249; baseline 0 -25"><span class='ocrx_word' id='word_1_65' title='bbox 460 1176 567 1245; x_wconf 87' lang='grc'>24.</span> <span class='ocrx_word' id='word_1_66' title='bbox 612 1154 758 1247; x_wconf 81' lang='grc' dir='ltr'>μεθ’</span> <span class='ocrx_word' id='word_1_67' title='bbox 782 1166 962 1249; x_wconf 84' lang='grc' dir='ltr'>ὑμῶν.</span> 
     </span>
    </p>

    <p class='ocr_par' dir='ltr' id='par_1_8' title="bbox 461 1273 1056 1362">
     <span class='ocr_line' id='line_1_9' title="bbox 461 1273 1056 1362; baseline 0.002 -24"><span class='ocrx_word' id='word_1_68' title='bbox 461 1290 568 1359; x_wconf 79' lang='grc'><strong>25.</strong></span> <span class='ocrx_word' id='word_1_69' title='bbox 616 1273 1056 1362; x_wconf 81' lang='grc' dir='ltr'>βουλευόμεθα.</span> 
     </span>
    </p>

    <p class='ocr_par' dir='ltr' id='par_1_9' title="bbox 459 1376 3092 1571">
     <span class='ocr_line' id='line_1_10' title="bbox 459 1376 3092 1478; baseline -0.001 -23"><span class='ocrx_word' id='word_1_70' title='bbox 459 1388 565 1455; x_wconf 87' lang='grc'>26.</span> <span class='ocrx_word' id='word_1_71' title='bbox 610 1388 735 1452; x_wconf 76' lang='grc' dir='ltr'>καὶ.</span> <span class='ocrx_word' id='word_1_72' title='bbox 781 1423 870 1440; x_wconf 94' lang='grc'>-</span> <span class='ocrx_word' id='word_1_73' title='bbox 912 1389 1116 1453; x_wconf 82' lang='grc' dir='ltr'>ὄντων.</span> <span class='ocrx_word' id='word_1_74' title='bbox 1162 1424 1251 1442; x_wconf 90' lang='lat'>—-</span> <span class='ocrx_word' id='word_1_75' title='bbox 1307 1382 1406 1453; x_wconf 80' lang='grc' dir='ltr'>οὖν</span> <span class='ocrx_word' id='word_1_76' title='bbox 1462 1395 1629 1477; x_wconf 76' lang='grc' dir='ltr'>ἡμῶν</span> <span class='ocrx_word' id='word_1_77' title='bbox 1687 1387 1774 1478; x_wconf 79' lang='grc' dir='ltr'>μὴ</span> <span class='ocrx_word' id='word_1_78' title='bbox 1833 1379 1902 1452; x_wconf 85' lang='grc' dir='ltr'>δὲ</span> <span class='ocrx_word' id='word_1_79' title='bbox 1955 1386 2153 1478; x_wconf 82' lang='grc' dir='ltr'>λόγος.</span> <span class='ocrx_word' id='word_1_80' title='bbox 2212 1421 2301 1439; x_wconf 88' lang='grc'>--</span> <span class='ocrx_word' id='word_1_81' title='bbox 2360 1376 2590 1453; x_wconf 73' lang='grc' dir='ltr'>ἀδικεῖν</span> <span class='ocrx_word' id='word_1_82' title='bbox 2635 1385 2930 1478; x_wconf 78' lang='grc' dir='ltr'><strong>Ἀργείους</strong></span> <span class='ocrx_word' id='word_1_83' title='bbox 2983 1388 3092 1452; x_wconf 76' lang='grc' dir='ltr'>καὶ</span> 
     </span>
     <span class='ocr_line' id='line_1_11' title="bbox 721 1511 1174 1571; baseline 0.007 -3"><span class='ocrx_word' id='word_1_84' title='bbox 721 1514 908 1569; x_wconf 80' lang='grc' dir='ltr'>ποιεῖν</span> <span class='ocrx_word' id='word_1_85' title='bbox 952 1511 1174 1571; x_wconf 76' lang='grc' dir='ltr'>ὁποῖον.</span> 
     </span>
    </p>

    <p class='ocr_par' dir='ltr' id='par_1_10' title="bbox 457 1610 1825 1709">
     <span class='ocr_line' id='line_1_12' title="bbox 457 1610 1825 1709; baseline -0.001 -22"><span class='ocrx_word' id='word_1_86' title='bbox 457 1638 565 1705; x_wconf 92' lang='grc'>27.</span> <span class='ocrx_word' id='word_1_87' title='bbox 611 1620 775 1709; x_wconf 69' lang='grc' dir='ltr'>φησι.</span> <span class='ocrx_word' id='word_1_88' title='bbox 820 1654 909 1672; x_wconf 90' lang='lat'>—-</span> <span class='ocrx_word' id='word_1_89' title='bbox 952 1610 1289 1695; x_wconf 78' lang='grc' dir='ltr'>ἐλπίζουσιν</span> <span class='ocrx_word' id='word_1_90' title='bbox 1336 1617 1825 1690; x_wconf 69' lang='grc' dir='ltr'>ἀποστῆσεσθαι.</span> 
     </span>
    </p>

    <p class='ocr_par' dir='ltr' id='par_1_11' title="bbox 458 1733 1487 1825">
     <span class='ocr_line' id='line_1_13' title="bbox 458 1733 1487 1825; baseline -0.001 -22"><span class='ocrx_word' id='word_1_91' title='bbox 458 1736 565 1803; x_wconf 89' lang='grc'>28.</span> <span class='ocrx_word' id='word_1_92' title='bbox 607 1735 682 1802; x_wconf 77' lang='grc' dir='ltr'>τὸ</span> <span class='ocrx_word' id='word_1_93' title='bbox 726 1733 901 1803; x_wconf 87' lang='lat' dir='ltr'><strong>deest</strong></span> <span class='ocrx_word' id='word_1_94' title='bbox 943 1751 1087 1802; x_wconf 87' lang='lat' dir='ltr'><strong>ante</strong></span> <span class='ocrx_word' id='word_1_95' title='bbox 1131 1733 1487 1825; x_wconf 77' lang='grc' dir='ltr'>εἰθισμένον.</span> 
     </span>
    </p>

    <p class='ocr_par' dir='ltr' id='par_1_12' title="bbox 457 1841 2165 1941">
     <span class='ocr_line' id='line_1_14' title="bbox 457 1841 2165 1941; baseline -0.002 -23"><span class='ocrx_word' id='word_1_96' title='bbox 457 1869 563 1936; x_wconf 92' lang='grc'><strong>29.</strong></span> <span class='ocrx_word' id='word_1_97' title='bbox 605 1841 941 1941; x_wconf 78' lang='grc' dir='ltr'>τισόινδρου.</span> <span class='ocrx_word' id='word_1_98' title='bbox 987 1890 1078 1902; x_wconf 91' lang='lat'><strong>—</strong></span> <span class='ocrx_word' id='word_1_99' title='bbox 1119 1848 1296 1918; x_wconf 88' lang='lat' dir='ltr'><strong>deest</strong></span> <span class='ocrx_word' id='word_1_100' title='bbox 1336 1849 1518 1941; x_wconf 73' lang='grc' dir='ltr'>μετὰ.</span> <span class='ocrx_word' id='word_1_101' title='bbox 1562 1886 1652 1902; x_wconf 94' lang='lat'>--</span> <span class='ocrx_word' id='word_1_102' title='bbox 1693 1858 1803 1914; x_wconf 83' lang='grc' dir='ltr'>τοῦ</span> <span class='ocrx_word' id='word_1_103' title='bbox 1847 1847 2165 1925; x_wconf 75' lang='grc' dir='ltr'>Βασιλέως.</span> 
     </span>
    </p>

    <p class='ocr_par' dir='ltr' id='par_1_13' title="bbox 455 1964 1997 2055">
     <span class='ocr_line' id='line_1_15' title="bbox 455 1964 1997 2055; baseline -0.002 -21"><span class='ocrx_word' id='word_1_104' title='bbox 455 1985 562 2053; x_wconf 89' lang='lat'>30.</span> <span class='ocrx_word' id='word_1_105' title='bbox 608 1967 714 2032; x_wconf 80' lang='grc' dir='ltr'>καὶ</span> <span class='ocrx_word' id='word_1_106' title='bbox 757 1975 876 2030; x_wconf 80' lang='grc' dir='ltr'>τῶν</span> <span class='ocrx_word' id='word_1_107' title='bbox 920 1968 1286 2034; x_wconf 66' lang='grc' dir='ltr'>καταναίων.</span> <span class='ocrx_word' id='word_1_108' title='bbox 1334 2003 1424 2019; x_wconf 94' lang='grc'>-</span> <span class='ocrx_word' id='word_1_109' title='bbox 1465 1973 1632 2055; x_wconf 75' lang='grc' dir='ltr'><strong>ἡμεῖς</strong></span> <span class='ocrx_word' id='word_1_110' title='bbox 1676 1964 1997 2054; x_wconf 76' lang='grc' dir='ltr'>εἱλόμεθα.</span> 
     </span>
    </p>

    <p class='ocr_par' dir='ltr' id='par_1_14' title="bbox 456 2077 1950 2171">
     <span class='ocr_line' id='line_1_16' title="bbox 456 2077 1950 2171; baseline -0.001 -23"><span class='ocrx_word' id='word_1_111' title='bbox 456 2099 490 2167; x_wconf 89' lang='lat'><em>3</em></span> <span class='ocrx_word' id='word_1_112' title='bbox 508 2101 562 2148; x_wconf 89' lang='lat'>1.</span> <span class='ocrx_word' id='word_1_113' title='bbox 609 2081 802 2171; x_wconf 80' lang='grc' dir='ltr'>ἀρχὴν</span> <span class='ocrx_word' id='word_1_114' title='bbox 847 2089 967 2145; x_wconf 86' lang='grc' dir='ltr'>τῶν</span> <span class='ocrx_word' id='word_1_115' title='bbox 1013 2085 1275 2147; x_wconf 78' lang='grc' dir='ltr'>πολλῶν.</span> <span class='ocrx_word' id='word_1_116' title='bbox 1321 2115 1413 2132; x_wconf 94' lang='lat'>—</span> <span class='ocrx_word' id='word_1_117' title='bbox 1454 2077 1595 2169; x_wconf 83' lang='grc' dir='ltr'>ὑπὲρ</span> <span class='ocrx_word' id='word_1_118' title='bbox 1639 2088 1759 2142; x_wconf 83' lang='grc' dir='ltr'>τῶν</span> <span class='ocrx_word' id='word_1_119' title='bbox 1806 2077 1950 2148; x_wconf 96' lang='grc' dir='ltr'>Ἀθ.</span> 
     </span>
    </p>

    <p class='ocr_par' dir='ltr' id='par_1_15' title="bbox 453 2184 3038 2286">
     <span class='ocr_line' id='line_1_17' title="bbox 453 2184 3038 2286; baseline -0 -25"><span class='ocrx_word' id='word_1_120' title='bbox 453 2215 561 2283; x_wconf 85' lang='grc'>33.</span> <span class='ocrx_word' id='word_1_121' title='bbox 605 2194 1083 2286; x_wconf 73' lang='grc' dir='ltr'>τεσσαράκοντα.</span> <span class='ocrx_word' id='word_1_122' title='bbox 1131 2232 1219 2248; x_wconf 92' lang='grc'>-</span> <span class='ocrx_word' id='word_1_123' title='bbox 1262 2203 1422 2285; x_wconf 74' lang='grc' dir='ltr'>ἡμῖν.</span> <span class='ocrx_word' id='word_1_124' title='bbox 1468 2230 1556 2247; x_wconf 93' lang='lat'>—-</span> <span class='ocrx_word' id='word_1_125' title='bbox 1601 2192 1907 2284; x_wconf 67' lang='grc' dir='ltr'>περιέργοις</span> <span class='ocrx_word' id='word_1_126' title='bbox 1951 2187 2099 2259; x_wconf 81' lang='grc' dir='ltr'>εἶναι</span> <span class='ocrx_word' id='word_1_127' title='bbox 2148 2184 2251 2259; x_wconf 76' lang='grc' dir='ltr'>διὰ</span> <span class='ocrx_word' id='word_1_128' title='bbox 2294 2191 2552 2263; x_wconf 73' lang='grc' dir='ltr'>ταυτην.</span> <span class='ocrx_word' id='word_1_129' title='bbox 2594 2226 2686 2243; x_wconf 94' lang='grc'>-</span> <span class='ocrx_word' id='word_1_130' title='bbox 2725 2201 2849 2259; x_wconf 77' lang='grc' dir='ltr'>τῶν</span> <span class='ocrx_word' id='word_1_131' title='bbox 2894 2190 3038 2260; x_wconf 85' lang='grc' dir='ltr'>Ἀθ.</span> 
     </span>
    </p>

    <p class='ocr_par' dir='ltr' id='par_1_16' title="bbox 453 2298 3086 2516">
     <span class='ocr_line' id='line_1_18' title="bbox 453 2298 3086 2401; baseline -0 -28"><span class='ocrx_word' id='word_1_132' title='bbox 453 2329 561 2399; x_wconf 85' lang='lat'>34.</span> <span class='ocrx_word' id='word_1_133' title='bbox 605 2309 877 2401; x_wconf 82' lang='grc' dir='ltr'>τρόιττοι.</span> <span class='ocrx_word' id='word_1_134' title='bbox 922 2347 1012 2363; x_wconf 94' lang='grc'>-</span> <span class='ocrx_word' id='word_1_135' title='bbox 1064 2311 1251 2378; x_wconf 92' lang='grc' dir='ltr'>λανθ.</span> <span class='ocrx_word' id='word_1_136' title='bbox 1299 2300 1366 2375; x_wconf 82' lang='grc' dir='ltr'>δὲ</span> <span class='ocrx_word' id='word_1_137' title='bbox 1422 2308 1577 2384; x_wconf 82' lang='grc' dir='ltr'>τοὺς.</span> <span class='ocrx_word' id='word_1_138' title='bbox 1624 2344 1714 2360; x_wconf 90' lang='lat'>-—</span> <span class='ocrx_word' id='word_1_139' title='bbox 1771 2298 1841 2373; x_wconf 84' lang='grc' dir='ltr'>δὲ</span> <span class='ocrx_word' id='word_1_140' title='bbox 1898 2306 2349 2399; x_wconf 76' lang='grc' dir='ltr'>πρεσβεύοντας.</span> <span class='ocrx_word' id='word_1_141' title='bbox 2393 2344 2481 2361; x_wconf 94' lang='lat'><em>-</em></span> <span class='ocrx_word' id='word_1_142' title='bbox 2539 2305 2966 2398; x_wconf 72' lang='grc' dir='ltr'>αὐτοκράτορες</span> <span class='ocrx_word' id='word_1_143' title='bbox 3019 2309 3086 2372; x_wconf 84' lang='grc' dir='ltr'>τί</span> 
     </span>
     <span class='ocr_line' id='line_1_19' title="bbox 717 2416 2607 2516; baseline -0.001 -25"><span class='ocrx_word' id='word_1_144' title='bbox 717 2416 1131 2516; x_wconf 81' lang='grc' dir='ltr'>ἀποδώσομεν.</span> <span class='ocrx_word' id='word_1_145' title='bbox 1176 2462 1265 2479; x_wconf 94' lang='grc'>-</span> <span class='ocrx_word' id='word_1_146' title='bbox 1307 2433 1468 2515; x_wconf 73' lang='grc' dir='ltr'>ἡμῖν.</span> <span class='ocrx_word' id='word_1_147' title='bbox 1515 2460 1604 2477; x_wconf 94' lang='grc'>-</span> <span class='ocrx_word' id='word_1_148' title='bbox 1648 2422 2105 2490; x_wconf 78' lang='grc' dir='ltr'>Βουλευσασθαι</span> <span class='ocrx_word' id='word_1_149' title='bbox 2149 2422 2256 2513; x_wconf 82' lang='grc' dir='ltr'>μὲν</span> <span class='ocrx_word' id='word_1_150' title='bbox 2301 2427 2607 2514; x_wconf 79' lang='grc' dir='ltr'>ἀσφαλῶς.</span> 
     </span>
    </p>

    <p class='ocr_par' dir='ltr' id='par_1_17' title="bbox 454 2529 1666 2631">
     <span class='ocr_line' id='line_1_20' title="bbox 454 2529 1666 2631; baseline -0.001 -22"><span class='ocrx_word' id='word_1_151' title='bbox 454 2558 563 2628; x_wconf 87' lang='lat'>35.</span> <span class='ocrx_word' id='word_1_152' title='bbox 610 2531 754 2621; x_wconf 76' lang='grc' dir='ltr'>δέοι,</span> <span class='ocrx_word' id='word_1_153' title='bbox 797 2562 986 2631; x_wconf 86' lang='lat' dir='ltr'><strong>supra</strong></span> <span class='ocrx_word' id='word_1_154' title='bbox 1028 2558 1378 2610; x_wconf 86' lang='lat' dir='ltr'><strong>carrectum</strong></span> <span class='ocrx_word' id='word_1_155' title='bbox 1421 2540 1490 2607; x_wconf 88' lang='lat' dir='ltr'>in</span> <span class='ocrx_word' id='word_1_156' title='bbox 1536 2529 1666 2610; x_wconf 80' lang='grc' dir='ltr'>δέη.</span> 
     </span>
    </p>

    <p class='ocr_par' dir='ltr' id='par_1_18' title="bbox 456 2654 995 2747">
     <span class='ocr_line' id='line_1_21' title="bbox 456 2654 995 2747; baseline -0.006 -24"><span class='ocrx_word' id='word_1_157' title='bbox 456 2656 560 2742; x_wconf 86' lang='grc'><strong>36.</strong></span> <span class='ocrx_word' id='word_1_158' title='bbox 606 2654 995 2747; x_wconf 67' lang='grc' dir='ltr'>γενὴσωνται.</span> 
     </span>
    </p>

    <p class='ocr_par' dir='ltr' id='par_1_19' title="bbox 448 2768 1100 2860">
     <span class='ocr_line' id='line_1_22' title="bbox 448 2768 1100 2860; baseline -0.002 -22"><span class='ocrx_word' id='word_1_159' title='bbox 448 2790 554 2857; x_wconf 86' lang='lat'>37.</span> <span class='ocrx_word' id='word_1_160' title='bbox 598 2775 706 2834; x_wconf 76' lang='grc' dir='ltr'>οὐκ</span> <span class='ocrx_word' id='word_1_161' title='bbox 750 2768 1100 2860; x_wconf 77' lang='grc' dir='ltr'>ὲκτώμεθα.</span> 
     </span>
    </p>

    <p class='ocr_par' dir='ltr' id='par_1_20' title="bbox 445 2875 1644 2975">
     <span class='ocr_line' id='line_1_23' title="bbox 445 2875 1644 2975; baseline -0.003 -22"><span class='ocrx_word' id='word_1_162' title='bbox 445 2885 552 2973; x_wconf 87' lang='grc'><strong>38.</strong></span> <span class='ocrx_word' id='word_1_163' title='bbox 598 2884 1016 2975; x_wconf 75' lang='grc' dir='ltr'>ὲτειχήσαμεν.</span> <span class='ocrx_word' id='word_1_164' title='bbox 1064 2921 1154 2937; x_wconf 94' lang='grc'>-</span> <span class='ocrx_word' id='word_1_165' title='bbox 1200 2875 1402 2950; x_wconf 80' lang='grc' dir='ltr'>δοῦναι</span> <span class='ocrx_word' id='word_1_166' title='bbox 1450 2876 1644 2955; x_wconf 79' lang='grc' dir='ltr'>δίκην.</span> 
     </span>
    </p>

    <p class='ocr_par' dir='ltr' id='par_1_21' title="bbox 446 2996 2393 3090">
     <span class='ocr_line' id='line_1_24' title="bbox 446 2996 2393 3090; baseline -0.002 -22"><span class='ocrx_word' id='word_1_167' title='bbox 446 3019 552 3087; x_wconf 88' lang='lat'>39.</span> <span class='ocrx_word' id='word_1_168' title='bbox 596 2999 816 3084; x_wconf 76' lang='grc' dir='ltr'>ἔλαβον</span> <span class='ocrx_word' id='word_1_169' title='bbox 860 3008 1042 3090; x_wconf 84' lang='grc' dir='ltr'>ὑμῶν.</span> <span class='ocrx_word' id='word_1_170' title='bbox 1088 3035 1180 3052; x_wconf 94' lang='grc'>-</span> <span class='ocrx_word' id='word_1_171' title='bbox 1222 2998 1764 3090; x_wconf 74' lang='grc' dir='ltr'>παρασκεῦσαιμεν.</span> <span class='ocrx_word' id='word_1_172' title='bbox 1810 3033 1903 3050; x_wconf 94' lang='grc'>-</span> <span class='ocrx_word' id='word_1_173' title='bbox 1944 2997 2194 3089; x_wconf 69' lang='grc' dir='ltr'>ἐνέχυρα</span> <span class='ocrx_word' id='word_1_174' title='bbox 2236 2996 2393 3090; x_wconf 75' lang='grc' dir='ltr'>ὖμῖν.</span> 
     </span>
    </p>

    <p class='ocr_par' dir='ltr' id='par_1_22' title="bbox 444 3104 3084 3208">
     <span class='ocr_line' id='line_1_25' title="bbox 444 3104 3084 3208; baseline -0.001 -25"><span class='ocrx_word' id='word_1_175' title='bbox 444 3135 550 3202; x_wconf 88' lang='lat'>40.</span> <span class='ocrx_word' id='word_1_176' title='bbox 594 3114 669 3190; x_wconf 70' lang='grc' dir='ltr'>ἢν</span> <span class='ocrx_word' id='word_1_177' title='bbox 698 3117 827 3208; x_wconf 83' lang='grc' dir='ltr'>περὶ</span> <span class='ocrx_word' id='word_1_178' title='bbox 855 3123 1025 3205; x_wconf 82' lang='grc' dir='ltr'>ἡμῶν</span> <span class='ocrx_word' id='word_1_179' title='bbox 1056 3115 1220 3205; x_wconf 77' lang='grc' dir='ltr'>ὲλὰμ</span> <span class='ocrx_word' id='word_1_180' title='bbox 1241 3124 1307 3183; x_wconf 88' lang='grc' dir='ltr'>Β.</span> <span class='ocrx_word' id='word_1_181' title='bbox 1331 3149 1421 3165; x_wconf 93' lang='grc'>--</span> <span class='ocrx_word' id='word_1_182' title='bbox 1444 3104 1855 3180; x_wconf 72' lang='grc' dir='ltr'>διδασκόντων</span> <span class='ocrx_word' id='word_1_183' title='bbox 1878 3121 2060 3205; x_wconf 75' lang='grc' dir='ltr'>ἡμᾶς.</span> <span class='ocrx_word' id='word_1_184' title='bbox 2084 3149 2173 3166; x_wconf 94' lang='grc'>-</span> <span class='ocrx_word' id='word_1_185' title='bbox 2197 3105 2255 3180; x_wconf 80' lang='grc' dir='ltr'>δ’</span> <span class='ocrx_word' id='word_1_186' title='bbox 2270 3122 2350 3192; x_wconf 73' lang='grc' dir='ltr'>εἰς</span> <span class='ocrx_word' id='word_1_187' title='bbox 2372 3114 2484 3191; x_wconf 82' lang='grc' dir='ltr'>τίς.</span> <span class='ocrx_word' id='word_1_188' title='bbox 2507 3147 2595 3166; x_wconf 92' lang='lat'>—-</span> <span class='ocrx_word' id='word_1_189' title='bbox 2613 3107 2795 3177; x_wconf 84' lang='grc' dir='ltr'>ταυτ’</span> <span class='ocrx_word' id='word_1_190' title='bbox 2808 3106 2903 3201; x_wconf 71' lang='grc' dir='ltr'>ἔφ’</span> <span class='ocrx_word' id='word_1_191' title='bbox 2917 3115 3084 3203; x_wconf 69' lang='grc' dir='ltr'>ἡμῖν.</span> 
     </span>
    </p>

    <p class='ocr_par' dir='ltr' id='par_1_23' title="bbox 441 3218 2210 3321">
     <span class='ocr_line' id='line_1_26' title="bbox 441 3218 2210 3321; baseline -0.003 -19"><span class='ocrx_word' id='word_1_192' title='bbox 441 3249 551 3320; x_wconf 84' lang='lat'>41.</span> <span class='ocrx_word' id='word_1_193' title='bbox 595 3229 978 3303; x_wconf 66' lang='grc' dir='ltr'>ποιήσεσθαι.</span> <span class='ocrx_word' id='word_1_194' title='bbox 1025 3268 1117 3281; x_wconf 92' lang='grc'>-</span> <span class='ocrx_word' id='word_1_195' title='bbox 1162 3220 1241 3295; x_wconf 82' lang='grc' dir='ltr'>δι’</span> <span class='ocrx_word' id='word_1_196' title='bbox 1265 3237 1437 3321; x_wconf 77' lang='grc' dir='ltr'>ὑμᾶς.</span> <span class='ocrx_word' id='word_1_197' title='bbox 1482 3265 1572 3281; x_wconf 88' lang='grc'>-</span> <span class='ocrx_word' id='word_1_198' title='bbox 1619 3218 1804 3296; x_wconf 76' lang='grc' dir='ltr'>δοκεῖ.</span> <span class='ocrx_word' id='word_1_199' title='bbox 1852 3264 1941 3282; x_wconf 90' lang='lat'>—-</span> <span class='ocrx_word' id='word_1_200' title='bbox 1983 3238 2210 3297; x_wconf 82' lang='grc' dir='ltr'>ταῦτα.</span> 
     </span>
    </p>
   </div>
   <div class='ocr_carea' id='block_1_2' title="bbox 617 3457 2022 3548">
    <p class='ocr_par' dir='ltr' id='par_1_24' title="bbox 617 3457 2022 3548">
     <span class='ocr_line' id='line_1_27' title="bbox 617 3457 2022 3548; baseline -0.003 -16"><span class='ocrx_word' id='word_1_201' title='bbox 617 3459 915 3531; x_wconf 81' lang='lat' dir='ltr'>Orationi</span> <span class='ocrx_word' id='word_1_202' title='bbox 959 3458 1056 3529; x_wconf 89' lang='lat' dir='ltr'>IV</span> <span class='ocrx_word' id='word_1_203' title='bbox 1099 3457 1205 3526; x_wconf 88' lang='lat' dir='ltr'>hic</span> <span class='ocrx_word' id='word_1_204' title='bbox 1246 3476 1343 3527; x_wconf 89' lang='lat' dir='ltr'>est</span> <span class='ocrx_word' id='word_1_205' title='bbox 1385 3457 1608 3528; x_wconf 85' lang='lat' dir='ltr'><strong>titulus</strong></span> <span class='ocrx_word' id='word_1_206' title='bbox 1650 3457 2022 3548; x_wconf 87' lang='lat' dir='ltr'><strong>inscriptus:</strong></span> 
     </span>
    </p>
   </div>
   <div class='ocr_carea' id='block_1_3' title="bbox 1454 3644 2084 3773">
    <p class='ocr_par' dir='ltr' id='par_1_25' title="bbox 1454 3644 2084 3773">
     <span class='ocr_line' id='line_1_28' title="bbox 1454 3644 2084 3773; baseline 0.002 -19"><span class='ocrx_word' id='word_1_207' title='bbox 1454 3644 1624 3756; x_wconf 69' lang='grc' dir='ltr'>κατα</span> <span class='ocrx_word' id='word_1_208' title='bbox 1669 3678 2084 3773; x_wconf 74' lang='grc' dir='ltr'>Ἀλκιβιάδου.</span> 
     </span>
    </p>
   </div>
   <div class='ocr_carea' id='block_1_4' title="bbox 618 3803 2084 3998">
    <p class='ocr_par' dir='ltr' id='par_1_26' title="bbox 618 3803 2084 3998">
     <span class='ocr_line' id='line_1_29' title="bbox 618 3803 951 3896; baseline -0.003 -23"><span class='ocrx_word' id='word_1_209' title='bbox 618 3803 919 3896; x_wconf 87' lang='lat' dir='ltr'><strong>Sequitur</strong></span> <span class='ocrx_word' id='word_1_210' title='bbox 934 3829 951 3872; x_wconf 74' lang='grc' dir='ltr'><strong>ε</strong></span> 
     </span>
     <span class='ocr_line' id='line_1_30' title="bbox 1440 3911 2084 3998; baseline 0.008 -15"><span class='ocrx_word' id='word_1_211' title='bbox 1440 3918 1725 3996; x_wconf 62' lang='grc' dir='ltr'>ὑπόθεσις</span> <span class='ocrx_word' id='word_1_212' title='bbox 1769 3927 1882 3986; x_wconf 75' lang='grc' dir='ltr'>τοῦ</span> <span class='ocrx_word' id='word_1_213' title='bbox 1925 3911 2084 3998; x_wconf 51' lang='lat' dir='ltr'><strong>teve.</strong></span> 
     </span>
    </p>
   </div>
   <div class='ocr_carea' id='block_1_5' title="bbox 480 4140 3108 4679">
    <p class='ocr_par' dir='ltr' id='par_1_27' title="bbox 491 4140 1862 4239">
     <span class='ocr_line' id='line_1_31' title="bbox 491 4140 1862 4239; baseline -0.001 -21"><span class='ocrx_word' id='word_1_214' title='bbox 491 4169 546 4218; x_wconf 90' lang='lat'>1.</span> <span class='ocrx_word' id='word_1_215' title='bbox 591 4166 737 4239; x_wconf 87' lang='lat' dir='ltr'><strong>post</strong></span> <span class='ocrx_word' id='word_1_216' title='bbox 776 4140 931 4217; x_wconf 76' lang='grc' dir='ltr'>κινδ.</span> <span class='ocrx_word' id='word_1_217' title='bbox 975 4150 1148 4216; x_wconf 71' lang='grc' dir='ltr'>ὲθελ.</span> <span class='ocrx_word' id='word_1_218' title='bbox 1194 4146 1368 4216; x_wconf 84' lang='lat' dir='ltr'><strong>deest</strong></span> <span class='ocrx_word' id='word_1_219' title='bbox 1408 4159 1520 4214; x_wconf 81' lang='grc' dir='ltr'>τοῦ</span> <span class='ocrx_word' id='word_1_220' title='bbox 1563 4148 1862 4228; x_wconf 66' lang='grc' dir='ltr'>πλήθους.</span> 
     </span>
    </p>

    <p class='ocr_par' dir='ltr' id='par_1_28' title="bbox 480 4259 1160 4357">
     <span class='ocr_line' id='line_1_32' title="bbox 480 4259 1160 4357; baseline 0 -24"><span class='ocrx_word' id='word_1_221' title='bbox 480 4284 544 4333; x_wconf 97' lang='grc'><strong>2.</strong></span> <span class='ocrx_word' id='word_1_222' title='bbox 589 4259 670 4331; x_wconf 82' lang='grc' dir='ltr'>ὧν</span> <span class='ocrx_word' id='word_1_223' title='bbox 713 4274 834 4329; x_wconf 82' lang='grc' dir='ltr'>τῶν</span> <span class='ocrx_word' id='word_1_224' title='bbox 879 4266 1160 4357; x_wconf 81' lang='grc' dir='ltr'>ἀγαθῶν.</span> 
     </span>
    </p>

    <p class='ocr_par' dir='ltr' id='par_1_29' title="bbox 481 4358 3108 4473">
     <span class='ocr_line' id='line_1_33' title="bbox 481 4358 3108 4473; baseline -0.001 -26"><span class='ocrx_word' id='word_1_225' title='bbox 481 4398 547 4466; x_wconf 95' lang='lat'>3.</span> <span class='ocrx_word' id='word_1_226' title='bbox 591 4384 716 4445; x_wconf 65' lang='grc' dir='ltr'>ἐκεῖ</span> <span class='ocrx_word' id='word_1_227' title='bbox 759 4380 893 4448; x_wconf 89' lang='lat' dir='ltr'><strong>sine</strong></span> <span class='ocrx_word' id='word_1_228' title='bbox 935 4377 1065 4469; x_wconf 72' lang='grc' dir='ltr'>μέν.</span> <span class='ocrx_word' id='word_1_229' title='bbox 1113 4415 1202 4433; x_wconf 90' lang='lat'>—-</span> <span class='ocrx_word' id='word_1_230' title='bbox 1244 4377 1383 4445; x_wconf 71' lang='grc' dir='ltr'>οὔτε</span> <span class='ocrx_word' id='word_1_231' title='bbox 1430 4369 1972 4473; x_wconf 76' lang='grc' dir='ltr'>διαψηφυσαμένων</span> <span class='ocrx_word' id='word_1_232' title='bbox 2016 4372 2279 4473; x_wconf 69' lang='grc' dir='ltr'>κρύβδην</span> <span class='ocrx_word' id='word_1_233' title='bbox 2321 4378 2430 4446; x_wconf 83' lang='grc' dir='ltr'>τὸν</span> <span class='ocrx_word' id='word_1_234' title='bbox 2473 4374 2982 4471; x_wconf 70' lang='grc' dir='ltr'>ὀστρακισθέντα.</span> <span class='ocrx_word' id='word_1_235' title='bbox 3097 4358 3108 4367; x_wconf 59' lang='grc'><strong>’</strong></span> 
     </span>
    </p>

    <p class='ocr_par' dir='ltr' id='par_1_30' title="bbox 484 4485 3089 4679">
     <span class='ocr_line' id='line_1_34' title="bbox 484 4485 3089 4589; baseline -0.001 -27"><span class='ocrx_word' id='word_1_236' title='bbox 484 4512 546 4585; x_wconf 85' lang='lat'>5.</span> <span class='ocrx_word' id='word_1_237' title='bbox 593 4493 840 4585; x_wconf 76' lang='grc' dir='ltr'>πονηρὸς</span> <span class='ocrx_word' id='word_1_238' title='bbox 884 4491 1080 4563; x_wconf 87' lang='lat' dir='ltr'><strong>deest.</strong></span> <span class='ocrx_word' id='word_1_239' title='bbox 1110 4531 1201 4550; x_wconf 92' lang='lat'>—</span> <span class='ocrx_word' id='word_1_240' title='bbox 1234 4517 1308 4562; x_wconf 74' lang='grc' dir='ltr'>τι</span> <span class='ocrx_word' id='word_1_241' title='bbox 1352 4491 1543 4564; x_wconf 87' lang='lat' dir='ltr'><strong>deest.</strong></span> <span class='ocrx_word' id='word_1_242' title='bbox 1575 4530 1667 4547; x_wconf 93' lang='lat'>—</span> <span class='ocrx_word' id='word_1_243' title='bbox 1711 4494 1887 4565; x_wconf 74' lang='grc' dir='ltr'>ἀλλὰ</span> <span class='ocrx_word' id='word_1_244' title='bbox 1931 4500 2174 4589; x_wconf 73' lang='grc' dir='ltr'>μᾶλλον</span> <span class='ocrx_word' id='word_1_245' title='bbox 2220 4485 2612 4588; x_wconf 75' lang='grc' dir='ltr'>δικμιότιρον.</span> <span class='ocrx_word' id='word_1_246' title='bbox 2642 4532 2733 4552; x_wconf 89' lang='grc'>-</span> <span class='ocrx_word' id='word_1_247' title='bbox 2774 4500 2968 4586; x_wconf 70' lang='grc' dir='ltr'>ἡμῶν.</span> <span class='ocrx_word' id='word_1_248' title='bbox 2999 4524 3089 4547; x_wconf 91' lang='lat'>--</span> 
     </span>
     <span class='ocr_line' id='line_1_35' title="bbox 701 4608 1105 4679; baseline 0.007 -3"><span class='ocrx_word' id='word_1_249' title='bbox 701 4609 826 4677; x_wconf 77' lang='grc' dir='ltr'>ἀπὸ</span> <span class='ocrx_word' id='word_1_250' title='bbox 868 4608 1105 4679; x_wconf 67' lang='grc' dir='ltr'>τοῦτου.</span> 
     </span>
    </p>
   </div>
  </div>
 </body>
</html>
