3650 5192
1106 1896 1223 1965 DE
1271 1895 1602 1967 comcss
1650 1896 1716 1983 Q
1759 1895 2318 2011 ANDOCJDEO.

563 2299 1117 2434 Amnosmnu'u
1160 2369 1481 2457 optimum
1524 2367 1973 2450 Andocideu'm
2001 2368 2239 2436 librum
2271 2366 2885 2456 fundamentumque
2928 2388 3020 2434 re·
3130 2375 3132 2377 ’

387 2479 698 2547 censionis
720 2502 855 2547 esse
877 2481 969 2548 ΠΙ
991 2497 1053 2549 et
1073 2481 1168 2548 IV
1190 2483 1573 2565 orationum,
1599 2505 1761 2572 quae
1791 2505 1869 2551 eo
1894 2484 2315 2567 continentur,
2341 2506 2419 2551 ex
2443 2506 2576 2573 quo
2592 2483 2671 2549 A.
2690 2483 2896 2550 Maius
2912 2481 3021 2572 (1)

385 2591 543 2660 duas
587 2596 904 2662 orationes
946 2594 1102 2663 Isaei
1145 2595 1359 2679 edidit,
1406 2581 1710 2666 omnibus
1751 2599 1862 2688 qui
1907 2596 2025 2665 hac
2072 2597 2150 2666 de
2193 2620 2263 2665 re
2306 2596 2602 2680 iudicant,
2649 2618 3022 2686 persuasum

384 2723 497 2775 est.
542 2708 770 2798 Neque
825 2710 1022 2799 igitur
1078 2712 1316 2794 mirum
1364 2729 1491 2795 est,
1539 2712 1715 2802 quod
1761 2735 1951 2781 voces
2016 2711 2479 2802 postulantium
2543 2713 2612 2779 in
2648 2696 3022 2779 'Germania

389 2821 754 2907 audiuntur,
787 2842 860 2891 ut
902 2826 969 2892 in
1013 2825 1279 2894 Bekkeri
1310 2826 1417 2917 (2)
1464 2844 1527 2894 et
1571 2826 1745 2894 Turr
1774 2827 1884 2917 (3)
1929 2826 2249 2895 editorum
2294 2825 2695 2895 collationem
2727 2824 3020 2893 succedat

387 2937 661 3028 denique
707 2933 895 3007 altera
939 2963 1137 3030 eaque
1181 2943 1543 3009 accuratior.
1578 2941 1844 3032 Aliquot
1889 2941 2150 3031 quidem
2194 2941 2492 3010 lectiones
2537 2943 2659 3010 Ms.
2710 2941 2790 3020 Q
2821 2963 3024 3029 nuper

382 3052 753 3140 legebantur
798 3054 1090 3123 collectae
1134 3079 1168 3122 a
1200 3056 1606 3124 Buermanno
1651 3057 1760 3147 (4)
1805 3056 1950 3146 (Rh.
1989 3059 2156 3125 Mus.
2207 3058 2244 3124 8
2251 3057 2324 3147 5)
2370 3074 2647 3144 notaque
2693 3073 2787 3122 est
2832 3057 3024 3123 Buer-

385 3170 602 3235 manni
649 3168 1128 3257 diligentissima
1184 3169 1390 3239 collati
1448 3173 1622 3239 Isaeo
1670 3170 1980 3240 adhibita:
2028 3171 2139 3240 sed
2199 3195 2350 3240 cum
2408 3194 2577 3240 nova
2629 3171 2823 3238 totius
2867 3171 3023 3237 Am·

384 3282 660 3352 brosiani
706 3284 961 3353 collatio
1021 3309 1423 3376 nequaquam
1483 3287 1622 3356 data
1683 3306 1877 3371 esset,
1922 3310 2180 3355 mecum
2239 3287 2483 3355 decrevi
2542 3283 2941 3382 collationem
2985 3308 3023 3352 a

384 3422 488 3466 me
535 3399 766 3467 factam
811 3399 917 3468 hic
960 3424 1112 3468 cum
1169 3403 1246 3470 iis
1305 3404 1806 3485 communicare,
1856 3404 1966 3491 qui
2023 3401 2209 3470 rebus
2261 3400 2601 3490 philologis
2658 3401 2895 3488 graecis
2953 3401 3022 3468 in

388 3511 792 3603 ephemeride
837 3515 1295 3584 Mediolanensi
1341 3516 1595 3585 student
1640 3516 1764 3608 (5).
1816 3518 1988 3585 Usus
2045 3535 2258 3584 autem
2303 3539 2450 3583 sum
2493 3517 2561 3583 in
2605 3514 2765 3583 libro
2815 3513 3023 3582 confe-

383 3627 584 3697 rendo
630 3628 908 3699 edit-ione
952 3631 1246 3700 Friderici
1293 3633 1509 3701 Blassii
1555 3633 1686 3724 (6),
1734 3635 2112 3721 enotavique
2156 3630 2255 3699 vel
2299 3631 2631 3699 levissima.

542 3958 633 4040 (1)
682 3964 841 4019 Orat.
890 3964 1301 4037 Cleonymeam
1344 3967 1490 4022 Isaei
1536 3966 1706 4020 Edid.
1742 3966 1815 4022 A.
1861 3967 1975 4021 Mai
2026 3967 2192 4035 1815,
2223 3982 2394 4038 quam
2435 3963 2697 4037 repetivit
2738 3963 2797 4017 in
2839 3960 2953 4017 vol.
2984 3976 3020 4029 4

383 4044 636 4114 corporis
682 4043 1052 4099 classicorum
1094 4058 1408 4099 auctorum.
1454 4048 1672 4101 Romae
1721 4048 1887 4118 1831.

540 4117 765 4197 (2)>Ex
809 4141 919 4178 rec.
965 4126 1133 4179 Imm.
1181 4125 1415 4180 Bekkeri
1464 4127 1736 4181 Oratores
1779 4127 1977 4191 Attici,
2019 4125 2133 4181 vol.
2180 4125 2291 4191 111,
2344 4126 2570 4195 1823-4.

541 4197 635 4276 (3)
682 4204 954 4258 Oratores
1007 4206 1187 4259 Attici
1247 4217 1651 4260 recensuerunt
1707 4206 1793 4261 Io.
1841 4207 1911 4261 G.
1959 4207 2213 4260 Baiterus
2256 4217 2312 4259 et
2356 4205 2430 4259 H.
2475 4204 2776 4275 SauppiuS.
2823 4198 3020 4256 Turici

387 4282 734 4352 1839-1843.

539 4356 632 4436 (4)
679 4364 1001 4417 Buermann
1043 4364 1104 4418 in
1147 4364 1337 4419 diariis
1383 4382 1526 4437 quae
1581 4366 1851 4438 inscripta
1907 4376 2039 4418 sunt
2078 4364 2296 4418 Hermes
2336 4363 2532 4430 XVII,
2575 4380 2630 4434 p.
2679 4378 2810 4435 391,
2854 4360 3020 4428 XIX,

379 4457 434 4512 p.
483 4455 623 4512 3253
665 4440 759 4496 Rh.
802 4441 944 4497 Mus.
977 4441 1077 4515 sar
1107 4445 1292 4516 philol.
1344 4446 1512 4514 1885.

538 4516 634 4597 (5)
678 4522 747 4575 In
790 4521 967 4577 diario
1012 4524 1163 4595 quod
1207 4525 1542 4597 inscriptum
1585 4536 1700 4579 est:
1737 4523 1989 4578 Giornale
2028 4523 2247 4578 italiano
2290 4521 2345 4575 di
2374 4521 2616 4595 filologia
2657 4539 2682 4576 e
2724 4520 3021 4594 linguistica

380 4598 594 4655 classica
635 4600 840 4656 diretto
883 4602 972 4656 dai
1016 4604 1225 4658 dottori
1271 4606 1335 4659 L.
1383 4604 1521 4660 Ceci
1564 4622 1595 4658 e
1640 4605 1711 4660 G.
1758 4604 2015 4669 Cortese,
2067 4602 2233 4670 1886„
2277 4602 2407 4657 fasc.
2454 4602 2557 4657 IV.

542 4675 635 4758 (6)
682 4681 830 4736 Frid.
878 4682 1055 4739 Blass.
1102 4683 1419 4740 Andocidis
1465 4685 1791 4751 OrationeS,
1840 4684 1917 4738 2.⁸
1960 4683 2092 4738 edit.
2135 4684 2381 4755 Lipsiae.
2427 4681 2652 4737 Teubn.
2706 4681 2872 4736 1880.
